2930 4870
272 368 357 432 luat
624 379 738 430 sexui
762 378 915 429 ennean
941 379 1045 430 rasni

274 526 472 609 capessam
488 526 535 590 ita
543 526 603 609 jus
616 531 689 590 esto
701 542 711 586 t
725 525 810 601 ita,¹⁹
826 526 876 588 uti
892 524 1079 603 nominarit,
1100 522 1279 586 locutusve
1290 522 1358 597 erit,

273 631 322 694 ita
333 630 393 713 jus
408 635 493 692 esto.
508 634 587 692 vota
601 633 792 709 nuncupata
806 627 972 704 dicuutur,
987 646 1063 708 quae
1074 624 1258 700 Consules,
1272 624 1360 688 Pru·

273 737 377 804 tores,
393 749 469 793 cum
488 730 523 792 iu
544 728 748 812 provinciam
770 729 1034 811 proficiscuntur,
1056 725 1198 802 iaciunt,
1213 745 1254 790 aa
1266 725 1302 787 iu
1317 729 1361 786 ta-

273 831 372 896 bulas
388 831 607 913 presentibus
626 830 741 893 multis
763 830 956 894 reseruntur.
1000 828 1048 892 At
1069 828 1192 892 Santra
1207 827 1247 890 L.
1267 844 1308 890 11.
1323 827 1361 888 de

277 934 451 997 verborum
466 931 675 1014 antiquitate,
699 931 783 994 satis
805 931 916 994 multis
937 938 1137 1011 nuncupata
1159 928 1291 1009 colligit
1304 946 1363 990 nou

277 1035 320 1099 de
335 1043 427 1098 recto
441 1033 610 1097 nominata
624 1031 821 1112 significare,
835 1032 894 1096 sed
910 1034 1086 1115 promissa,
1107 1036 1143 1095 et
1158 1031 1260 1112 quasi
1273 1030 1363 1091 testi-

277 1134 577 1212 ficata,circumscri
582 1141 652 1215 pta,
667 1142 868 1216 receptaque
877 1140 905 1170 ²⁰
919 1134 1019 1197 ctiam
1034 1132 1068 1195 in
1081 1132 1169 1195 votis
1182 1149 1365 1212 nuncupan-

278 1239 332 1302 dis
353 1255 429 1300 esse
444 1235 703 1299 convenientius.
749 1234 783 1298 N
786 1235 954 1298 usciosnm
969 1232 1094 1298 Ateius
1110 1233 1310 1313 Philologus
1324 1232 1365 1294 ait

279 1336 440 1422 appellari
457 1336 604 1413 solitum,
619 1337 676 1419 qui
691 1343 830 1419 propter
839 1336 1013 1400 oculorum
1025 1335 1141 1399 vitium
1150 1335 1270 1417 parurn
1281 1333 1367 1397 vide·

280 1450 340 1504 ret.
384 1439 432 1502 At
454 1437 627 1520 Popilius¹
650 1434 808 1499 Aurelius
829 1437 1041 1501 nusciciones
1065 1455 1141 1500 esse
1156 1435 1366 1500 caecitudines

279 1547 468 1604 nocturnas.
513 1539 623 1602 AElius
646 1538 733 1602 Stilo
756 1538 847 1621 qnod
871 1539 946 1620 plus
960 1538 1251 1619 videretvesperi,
1270 1555 1365 1620 quarn

280 1640 427 1718 meridie,
440 1660 499 1706 nec
515 1643 743 1722 cognosceret,
759 1640 822 1702 nisi
838 1640 929 1722 quod
944 1659 1053 1722 usque
1069 1639 1114 1702 ad
1128 1637 1247 1701 oculos
1261 1637 1367 1700 admo-

282 1744 396 1806 visset.
441 1741 562 1806 Nonas
576 1742 711 1824 qnidam
728 1761 850 1806 anona
867 1741 975 1819 Luna,
998 1742 1089 1824 quod
1113 1741 1147 1804 iu
1163 1758 1224 1803 eas
1239 1759 1368 1803 concu-

281 1855 369 1908 reret
382 1844 581 1925 principium
594 1843 718 1906 Lunae:
733 1843 803 1920 alii,
819 1843 907 1927 quod
918 1863 1048 1926 semper
1058 1849 1137 1906 unte
1150 1841 1243 1904 diem
1254 1839 1368 1904 Iduum

282 1964 405 2008 nonum
417 1953 542 2020 esseut,
565 1946 733 2027 scribique
753 1945 829 2010 ideo
844 1945 965 2009 debere
979 1945 1122 2028 primam
1136 1941 1368 2026 appellationis
1463 2013 1464 2040 ,

284 2046 357 2129 ejus
372 2045 536 2128 syllabam
550 2043 681 2129 adjecta
695 2065 718 2110 u
736 2046 840 2111 litera.
885 2042 1080 2111 Nundiuas¹
1107 2046 1265 2108 feriarum
1287 2043 1369 2105 dieu

284 2165 358 2210 esse
387 2147 564 2212 voluerunt
591 2147 730 2228 antiqui,
759 2152 795 2211 ut
820 2147 937 2211 rustici
971 2146 1184 2210 convenirent
1207 2143 1369 2208 mercandi

284 2247 513 2331 vendendique
535 2267 649 2324 causa,
671 2267 814 2330 eumque
836 2248 1015 2324 nefastum,
1038 2251 1081 2310 ne
1105 2249 1136 2310 si
1152 2242 1278 2310 ¹liceret
1299 2261 1370 2308 cnm

284 2347 411 2430 populo
428 2348 785 2430 agi,interpellarentur
797 2349 1047 2414 nundinatores.
1070 2346 1371 2431 [annunciantem

286 2465 404 2511 cocum
414 2447 553 2512 Plautus
566 2447 646 2512 dixit
659 2447 693 2511 ia
705 2447 886 2512 Aulularia.
933 2447 1030 2513 Cocus
1043 2449 1169 2512 nundin
1182 2449 1241 2513 ille
1255 2455 1327 2517 est*
1341 2447 1373 2507 in

285 2568 400 2610 nonum
421 2546 501 2610 aliern
526 2547 600 2611 solet
625 2550 670 2611 ire
694 2560 829 2614 coctum:
852 2571 964 2625 cocum,
989 2549 1044 2634 qui
1067 2549 1273 2614 novendialis
1299 2546 1373 2609 alias

288 2645 475 2732 appellatur,
491 2645 652 2732 manifesto
674 2649 843 2734 significat,
863 2671 962 2734 quem
977 2649 1055 2712 dixit
1070 2649 1282 2725 nundinalem,
1296 2646 1376 2731 qnod

287 2750 320 2812 in
341 2769 454 2811 mnam
475 2748 555 2812 diem
576 2759 727 2834 coqueret.
771 2750 931 2829 Nuculas,
955 2749 1161 2815 Praiurtinor
1183 2749 1306 2836 antiqui
1320 2769 1374 2832 ap·
1463 2811 1464 2818 ,

283 2849 457 2934 palliabant,
481 2850 571 2938 quod
587 2851 742 2916 inclusio
761 2850 867 2916 Panis
884 2851 1027 2930 Casilini,
1033 2851 1157 2938 famem
1172 2851 1301 2914 nucibus
1313 2872 1375 2913 sar·

289 2960 511 3017 tentaverunt:
535 2954 589 3017 vel
607 2953 697 3036 quod
717 2952 750 3016 in
765 2975 867 3018 eornm
881 2953 1003 3039 regione
1021 2952 1160 3036 plurima
1174 2975 1239 3016 auc
1256 2951 1375 3015 minuta

289 3056 475 3140 pascitur.³-
518 3050 712 3117 Nummumm
727 3075 763 3116 aa
780 3052 890 3118 Grato
904 3053 1047 3118 uocabulo
1062 3053 1377 3136 ianuamianuaim

289 3156 417 3231 dictum,
445 3163 474 3216 ct
505 3153 686 3216 tantundem
706 3153 793 3237 apud
815 3177 878 3231 nor,
900 3165 929 3218 et
950 3155 1037 3238 apud
1056 3154 1126 3218 iilos
1147 3157 1278 3220 valere:
1302 3156 1378 3238 quia
1463 3183 1464 3212 i

284 3255 406 3341 pleraq.
417 3253 541 3318 numiam
557 3277 577 3319 a
593 3251 710 3319 Gracia
724 3251 902 3340 nocuimus,
916 3277 1045 3341 quonam
1056 3258 1121 3321 hoc
1132 3258 1309 3341 proprium
1320 3265 1378 3320 est
1463 3275 1464 3288 ²

295 3356 432 3421 Nuntius
447 3367 476 3419 et
492 3377 624 3439 parona
638 3353 764 3436 dicitnr,
779 3368 809 3421 ct
824 3379 869 3421 res
886 3358 962 3441 ipsa.
985 3360 1019 3422 iu
1033 3377 1177 3442 persona
1188 3358 1325 3436 dicitur,
1338 3367 1381 3434 nt,
1463 3381 1464 3414 i

745 3537 923 3560 nonnemo
1463 3517 1464 3608 q

327 3653 356 3699 ts
376 3648 622 3711 t.aaneapnu.-1u
639 3649 657 3700 f.
674 3651 700 3700 id
716 3656 827 3702 ert-20
844 3653 863 3701 f.
882 3656 999 3716 quod-l
1017 3652 1035 3702 i.
1056 3652 1211 3716 Opilium-2
1226 3650 1246 3700 s.
1259 3667 1335 3702 eom
1349 3653 1385 3701 itte

291 3713 428 3764 nundinatio
437 3717 530 3762 ert—³
547 3711 566 3761 l'.
577 3716 690 3764 meatur,

783 3828 892 3880 NO'l'AE
1463 3839 1464 3884 i

323 3937 331 3972 ¹
349 3937 487 4001 Nundinaa]
506 3937 576 4001 Lege
594 3937 688 3988 delude
703 3939 817 3990 Horten·
856 3940 911 3990 lat
933 3942 1032 4002 ruimus
1051 3943 1116 3989 δοκεῖ
1130 3941 1175 4001 μὶν
1191 3938 1249 3990 abac
1267 3943 1389 4002 ‘eum

293 4013 331 4062 sia
342 4013 437 4063 facturn
450 4019 499 4073 ert,
511 4021 540 4063 ut
551 4013 572 4062 is
584 4013 640 4063 dies
650 4012 729 4064 furas
740 4023 817 4066 esset.
854 4017 957 4078 τοῦνομα
965 4017 1008 4065 τοῦ
1018 4016 1169 4077 νομίσμασι
1178 4015 1265 4066 terail
1276 4018 1388 4078 Ἓλλιμ·

293 4089 444 4140 Macrobius
455 4091 498 4140 lib.
511 4105 530 4139 r.
542 4106 600 4154 cap.
611 4096 650 4143 lu.
856 4091 1254 4158 abrenuntiaturum&
1267 4095 1353 4158 aaa.

325 4171 343 4194 ¹¹¹
360 4165 498 4227 Nummum]
514 4165 598 4218 lulius
611 4167 713 4220 Pollux.
725 4171 768 4220 lib.
780 4184 818 4220 rx.
