2880 4852
274 341 339 410 ⁷06
608 353 725 407 saxrr
752 353 908 406 rourarr
934 353 1038 408 narrt

275 498 432 585 Quinque
447 505 592 582 genera²
614 497 784 581 signorum
798 497 981 564 observent
992 517 1201 584 auguramur
1214 499 1372 578 coniuent

292 615 294 622 ’
317 603 447 679 eribus,
462 621 507 667 ex
522 599 689 684 tripudiis,
703 619 749 665 ex
765 599 1052 685 quadrupedibus,
1066 619 1111 666 ex
1126 599 1218 670 diris.

271 703 430 788 Quinque
442 721 559 788 genera
573 699 734 786 signorum
749 698 952 766 observabant
967 719 1110 784 augures
1124 703 1209 786 pub·
1243 700 1371 788 [Fnsr.

313 806 451 872 licizen
465 803 549 884 culo,
574 825 611 870 er
634 801 756 882 adun,
777 823 815 868 en
838 800 997 888 repudio,
1021 821 1067 870 ex
1081 802 1371 889 quadrupedium,

313 929 356 976 ax
372 906 462 984 diris,
477 917 514 974 ut
529 906 620 972 estin
635 903 866 992 Augurolt'bae.

268 1007 555 1095 Quinquertinm⁰
577 1010 744 1076 vocabant
759 1008 898 1094 antiqui,
910 1025 1012 1092 quern
1029 1005 1145 1074 Graeci
1157 1005 1322 1086 sinaites,
1334 1013 1373 1072 ut

311 1111 441 1178 indicat
455 1131 570 1178 versus
585 1111 660 1178 bie:
683 1109 805 1176 Omnis
821 1109 962 1194 aequalis
975 1108 1130 1176 vincebat
1144 1109 1369 1196 quinquertio.

312 1213 432 1279 Livius
446 1233 578 1300 quoqne
592 1215 688 1298 ipsos
702 1213 846 1278 athletas
859 1215 912 1278 ste
934 1212 1105 1280 nominat:
1128 1211 1370 1297 Quinquertio-

310 1335 372 1382 nes
385 1333 499 1401 praeeo
514 1317 549 1380 in
563 1317 711 1382 medinm
725 1322 838 1382 vocat.

265 1414 554 1501 Quinquenaolesi’
588 1439 722 1483 censores
746 1415 1001 1502 appellabantur,
1028 1417 1090 1501 qui
1117 1416 1260 1482 lnstrnn
1285 1434 1365 1482 cott-

309 1515 415 1582 derent
430 1518 537 1605 quinto
552 1540 673 1606 quoque
684 1539 779 1598 enno,
794 1540 815 1582 a
831 1540 893 1606 qno
906 1518 1059 1585 nominari
1073 1525 1217 1603 eoeptos.

263 1615 523 1705 Quinquertiunr
532 1620 648 1689 Greci
657 1626 780 1688 vocant
792 1617 955 1699 πένταθλον,
963 1640 1034 1705 quo
1045 1619 1101 1686 die
1110 1620 1209 1706 qnin-
1221 1619 1366 1704 [Parin.

306 1741 372 1806 quo
399 1741 522 1806 genera
547 1723 668 1790 ardum
697 1723 778 1789 ludo
807 1723 1067 1790 exercebantur:
1104 1722 1202 1808 ipsos
1230 1740 1367 1806 qnoque

306 1823 452 1890 athletas
467 1825 587 1894 Livius
601 1825 879 1911 quinquertiones
894 1824 1055 1910 appellnt.

758 2141 866 2194 NOTAE

289 2317 534 2384 ratramnum]
552 2321 593 2369 Ex
611 2323 668 2371 ereio
684 2337 788 2374 aarum
829 2321 1122 2389 anguibusetpiscibut.
1154 2319 1310 2386 Auspicium
1328 2337 1361 2372 ea

256 2391 414 2443 dicebantur
424 2397 787 2459 auguranenmeiriattaturu
827 2395 939 2461 fulgure,
948 2396 1065 2458 iniuriae,
1076 2397 1182 2447 tonitru.
1206 2397 1362 2462 Auspicium

254 2468 509 2534 contemplabantur,
521 2485 554 2522 an
571 2474 668 2540 aliquid
683 2475 788 2528 infausti
826 2487 860 2523 ex
870 2471 1039 2536 acuminibus,
1051 2471 1078 2522 id
1088 2480 1138 2534 est,
1149 2487 1181 2523 ea
1194 2473 1307 2524 teiorurn
1319 2487 1362 2522 sn·

255 2545 351 2596 ominis
365 2547 522 2601 oboriretur.
555 2551 597 2601 Ee
616 2553 710 2616 seiten
727 2569 786 2606 curn
826 2545 1035 2611 psdraeint'eris
1043 2546 1202 2611 cuspidibus.
1236 2546 1361 2612 Auspici-

255 2637 344 2672 eornm
360 2632 464 2674 eantntn
476 2623 532 2676 sive
544 2627 656 2678 rotatum
666 2629 788 2681 nbsem·
827 2638 869 2674 nnr
887 2637 920 2674 ex
941 2622 1106 2690 perennibus,
1121 2637 1178 2673 eutn
1199 2623 1290 2673 Duces
1302 2625 1360 2672 aire

254 2695 327 2747 bant.
359 2699 604 2764 &tripudiarunt
622 2701 673 2753 offo
692 2719 726 2755 η
740 2720 786 2757 οη
824 2698 996 2762 Magistratus
1013 2699 1359 2762 amnesauspieatotranse·

254 2772 393 2836 potiorum,
410 2774 466 2825 aire
482 2775 559 2826 alictii
574 2777 646 2842 quid,
664 2779 732 2843 quod
744 2795 785 2831 ss·
825 2783 881 2825 ant.
914 2773 1362 2840 AuspieinmJ'nge,quodexJnnc·

252 2849 336 2898 nitunt
355 2847 464 2916 faceta,
478 2851 598 2904 cudebat.
630 2855 786 2920 Exqundru-
822 2852 989 2916 tujnrneuto.
1022 2850 1359 2916 Dsqniburorunibussin·

250 2923 357 2988 pedibus
377 2941 435 2978 curn
456 2943 484 2979 se
505 2929 688 2994 quadrupedes
700 2937 784 2982 natea·
822 2928 930 2992 galatim
943 2927 1012 2979 tlibi·
1028 2928 1104 2978 Idem·

250 2997 431 3066 debentque
448 3003 564 3068 auspicia
578 3005 734 3058 dicebantur
742 3022 785 3072 pe·
854 3010 866 3038 ⁰
884 3003 1077 3068 Qtt'trwit'ffl]
1095 3003 1114 3052 Α
1128 3001 1240 3068 quinque
1251 3003 1359 3054 ”iibssi

250 3075 349 3125 destris.
382 3077 424 3127 Ea
444 3077 514 3141 diris,
535 3093 593 3130 onur
616 3079 666 3133 diri
686 3083 782 3148 aliquid
821 3078 1122 3144 qttiburexercebrntur.
1156 3077 1224 3128 Vide
1247 3079 1359 3130 ‘Pent-

252 3152 404 3212 upparebat,
421 3153 501 3202 reinti
519 3157 642 3220 strepitus
660 3172 720 3210 curn
732 3157 784 3210 ire·
821 3155 939 3206 uturum!
959 3155 1034 3206 idere.

250 3225 329 3274 snitu:
346 3231 376 3275 ut
394 3225 464 3290 apud
484 3227 571 3279 cicer.
589 3230 665 3282 Oret.
683 3233 716 3283 de
737 3234 784 3285 ba·
852 3237 866 3272 Ρ
884 3231 985 3296 Quian]
1001 3228 1211 3295 Quinquennaies
1229 3243 1357 3284 censores

250 3300 381 3362 ruspicnnr
408 3315 526 3366 respons.
544 3305 552 3336 ‘
570 3305 646 3358 Quod
672 3307 697 3358 iu
718 3323 781 3374 agro
820 3307 1359 3372 appellabuntur,quitustrurncoudebant

250 3375 393 3427 Latiniensi
403 3377 506 3430 auditus
523 3389 564 3432 ert
580 3385 705 3449 strepitus
722 3400 780 3438 enus
818 3383 909 3446 quinto
920 3395 1023 3448 qnoque
1035 3397 1110 3446 nuno,
1120 3395 1135 3431 a
1145 3395 1196 3448 th
1208 3381 1246 3433 5¹⁸
1257 3389 1356 3448 ΙΡΡΕΙ·

248 3448 364 3512 fremitu,
375 3453 513 3508 exsndittrs
525 3456 552 3505 iu
562 3469 625 3521 agro
636 3460 781 3526 propinquo
818 3459 865 3509 lari
877 3466 984 3523 coeptor.
999 3461 1053 3510 Jos.
1063 3459 1128 3509 Seni.

249 3531 277 3574 st
286 3526 435 3578 suburbano
446 3531 680 3597 strepitneqnidanr
690 3550 780 3588 reeen-
853 3535 1358 3600 sttmukroearortaJVidAEirav.

249 3600 318 3651 ditus
329 3609 357 3652 et
372 3603 501 3655 horribilis
512 3605 632 3660 temtans
639 3625 779 3677 usnemun,
817 3613 843 3660 8.
875 3611 974 3664 Quieto
985 3625 1086 3676 qnoque
1097 3624 1164 3662 anno
1178 3614 1273 3672 creati,
1290 3617 1357 3679 quia

247 3679 331 3730 dees
350 3680 521 3745 rescriptum
541 3686 779 3750 estporttdatioaes
817 3687 918 3752 singulo
934 3688 1110 3754 quinquennio
1129 3689 1239 3754 populus
1256 3705 1355 3743 cense-
1420 3703 1421 3727 ³

248 3756 779 3828 etseJori,Satnruo,Neptnno,Teilnri,
815 3761 893 3812 batur
911 3772 939 3813 st
958 3763 1122 3814 lustrabatur.
1154 3766 1225 3815 Nam
1242 3771 1356 3833 proprie
1419 3801 1420 3847 ,

246 3832 306 3882 Diis
314 3831 489 3896 ceretanus:
499 3837 548 3885 &a
580 3836 777 3890 Itemeunrrie·
813 3837 928 3888 tondere
950 3839 1059 3890 hratrurn
1079 3839 1235 3890 dicebantur
1252 3843 1358 3894 Cenem

245 3909 317 3958 time
329 3922 362 3958 ea
375 3909 426 3959 sris
437 3907 582 3976 fugiebant,
593 3927 651 3962 eunt
663 3913 689 3964 in
707 3916 776 3967 eatis
814 3926 866 3978 res,
888 3929 947 3965 eum
969 3922 1029 3980 post
1050 3916 1197 3967 censionem
1220 3922 1352 3983 pupuinus

246 3997 292 4033 cur
302 3991 349 4033 aut
361 3991 441 4048 eaput
451 3985 601 4050 injeeinore
610 4001 662 4038 non
675 3989 776 4050 inisset,
813 3991 1191 4044 meretsurtttburtustrsuuut.
1207 3993 1279 4046 vrds
1290 3995 1355 4048 Lis.

245 4071 303 4119 qnae
331 4059 449 4122 pestifere
480 4063 586 4126 euspicio
612 4062 775 4118 dicebantur.
815 4079 854 4116 vr.
872 4071 897 4118 8.
919 4069 944 4119 in
964 4069 1078 4135 qninqne
1095 4083 1174 4121 anuos
1192 4075 1355 4140 creatiqnia

244 4129 313 4217 iside
330 4133 490 4198 ‘pestifera'
522 4137 606 4188 Fuere
617 4147 645 4189 et
656 4139 707 4190 riis
716 4155 774 4191 ans·
813 4145 920 4208 singuiis
937 4147 1025 4199 lustris
1047 4149 1156 4214 popnina
1179 4151 1356 4206 censebatur.
1416 4117 1417 4207 i

243 4206 370 4268 pteiorntn
379 4223 484 4276 genera,
495 4213 576 4264 eelntt
587 4215 728 4278 auspicium
740 4231 774 4268 ex
813 4219 878 4269 Der.
