2880 4862
202 383 251 430 nr
273 383 481 434 vunnenorr
504 381 811 438 srcrrrruarrortn
835 389 908 438 nra.
931 389 1029 440 xvir.
1094 375 1159 442 ela

120 507 206 572 bis¹¹
227 506 372 579 notente
385 509 495 590 ludos,
513 511 626 576 subito
647 512 691 578 ad
717 531 809 578 arma
833 514 983 593 exieriut,
1005 517 1156 584 nuntiate

118 607 255 674 adventu
269 609 427 689 bostium,
441 614 650 698 victoresque
671 613 707 678 in
721 615 883 680 theatrum
897 615 1061 694 redierint,
1076 620 1157 684 soli-

117 709 181 786 citi,
199 729 243 775 ne
254 711 440 778 intermissi
454 714 644 798 religionem
658 715 829 794 adferrent,
843 716 1118 804 instaurandique
1130 727 1157 760 ¹²

118 820 239 890 essent,
268 813 447 884 inventum.
461 835 535 880 esse
556 815 604 880 ibi
627 815 667 882 G.
682 816 945 907 Pomponium¹³
968 813 1156 888 libe'rtinum

115 911 246 978 mimum
264 933 384 997 magno
405 923 499 993 natu,
514 917 571 1001 qui
592 916 636 982 ad
656 917 825 984 tibicinem
845 919 991 986 saltaret.
1034 919 1155 1006 Itaque

114 1014 232 1094 gaudio
260 1033 328 1080 uon
355 1016 548 1100 interrupte
577 1017 749 1100 religionis
777 1018 898 1084 editam
925 1038 1040 1084 vocem
1066 1041 1154 1089 nnnc

113 1133 244 1199 qnoque
254 1116 421 1182 celebrari.
456 1117 506 1182 At
517 1119 553 1184 iu
565 1120 630 1184 boc
642 1119 728 1184 libro
742 1119 840 1186 refert
853 1120 961 1186 Sinnii
977 1121 1155 1206 Capitonis

114 1215 221 1292 ruba,
236 1216 359 1298 quibus
375 1236 436 1282 eos
456 1218 556 1284 ludos
572 1217 786 1303 Apollinares
809 1218 954 1285 Claudio
980 1225 1015 1284 et
1033 1221 1154 1286 Fulvio

111 1311 312 1380 Consulibus
323 1325 337 1352 ¹
351 1316 459 1383 sactes
473 1318 556 1385 dicit
569 1338 613 1384 ex
626 1319 721 1386 libris
735 1319 921 1405 Sibyllinis,
945 1326 979 1386 et
993 1321 1154 1386 vaticinio

112 1411 230 1480 Marcii
244 1418 334 1482 vatis
348 1418 527 1499 institutes,
541 1437 603 1486 nec
626 1421 814 1485 nominatur
829 1419 916 1486 ullus
932 1420 1153 1504 Pomponius,

109 1514 314 1601 ridiculeque
336 1518 378 1582 de
402 1519 627 1602 appellatione
648 1521 872 1604 parasitorum
901 1519 1071 1604 Apollinis
1097 1522 1153 1588 bic

109 1634 243 1682 canmm
264 1618 387 1697 reddit,
409 1639 487 1684 cum
514 1620 548 1684 iu
574 1639 615 1686 co
642 1621 870 1705 prateriisset.
913 1619 972 1686 Ait
993 1624 1082 1688 enim
1104 1625 1153 1692 ita

108 1719 283 1802 appellari,
297 1719 385 1806 qued
399 1719 440 1786 G.
454 1720 663 1801 Volumnius,
678 1722 737 1805 qui
758 1722 802 1788 ad
823 1723 995 1788 tibicinem
1008 1725 1151 1806 saltarit,

106 1819 323 1886 secundarum
337 1820 481 1906 partium
495 1821 606 1900 fuerit,
614 1822 673 1908 qui
682 1821 751 1888 fere
762 1823 917 1888 omuibus
929 1824 1041 1890 mimis
1052 1845 1151 1909 para·

106 1917 188 1984 situs
202 1919 393 1989 inducatur.
437 1919 551 2001 Quam
571 1923 829 1990 inconstantiam
843 1921 956 1990 Verrii
969 1926 1073 1990 nosbi
1086 1945 1150 1992 nou

104 2018 171 2085 sine
184 2021 311 2086 rubore
324 2021 431 2087 retuli.

69 2115 251 2187 Salutaris!
279 2127 373 2208 porta
399 2123 569 2207 appellata
596 2127 647 2188 est
676 2124 720 2189 ab
748 2123 823 2190 mdo
845 2121 986 2204 Salutis,
1012 2117 1149 2208 [Pane.

103 2241 175 2305 quta
190 2225 225 2288 ei
239 2225 396 2308 proxima
410 2223 486 2288 suit.

511 2365 691 2389 emoneo

64 2477 264 2608 mm
279 2481 339 2534 PR.
362 2481 512 2536 vita-ta
534 2483 584 2536 Ed.
603 2483 672 2536 Scal-
694 2482 822 2534 isnardi
839 2484 952 2548 qai-lb
969 2483 1034 2536 mn.
1055 2484 1098 2536 ad.
1116 2485 1147 2538 0.

547 2721 657 2776 NOTAE

57 2849 125 2900 unica
140 2849 227 2916 probe
247 2851 360 2903 noetta.
373 2851 470 2904 Anton.
481 2851 582 2918 Augur·
620 2851 848 2905 Namllb.xxxrr.
864 2851 1146 2916 'nsotptonsntrtm-

58 2925 100 2974 tim
116 2925 328 2977 mudadonem
341 2927 374 2977 P.
391 2928 507 2992 Salplde,
525 2928 589 2977 CN·
619 2928 738 2980 noa'll.
749 2927 902 2990 Sempronio
913 2927 1145 2990 heremanno

56 2999 199 3068 mmet
210 3003 330 3053 eentum
343 3001 583 3067 tuametpertrtp.
618 3001 690 3052 urbia
699 3007 757 3054 tte.
790 3001 1145 3065 Megalerialudorrcenicor

57 3075 144 3126 claud.
162 3084 195 3128 et
210 3077 374 3130 ernistum
392 3077 580 3143 Flaccumqnl
620 3076 650 3128 0.
671 3074 768 3126 Atilius
790 3076 926 3138 bemanus,
946 3075 977 3124 1..
999 3075 1144 3126 Scribonios

51 3147 116 3199 iut'ra
126 3151 290 3202 retardatur.
301 3151 375 3204 Idm.
617 3149 683 3200 bibo
694 3149 789 3200 AEdllaa
805 3149 914 3199 comte·
932 3149 1006 3212 primi
1016 3147 1145 3202 seruent.

79 3232 91 3258 ⁸
102 3225 143 3276 Ι.
151 3226 283 3290 calpurnio
291 3225 393 3289 Pinnae]
400 3225 478 3277 linae
486 3227 581 3292 cain,
617 3225 718 3276 Harum
729 3224 850 3275 AEdlllem
865 3223 938 3274 luder
949 3223 1077 3274 Romanoa
1091 3227 1144 3291 prl-

50 3311 99 3348 ucn
111 3300 238 3362 Hecu,
251 3308 327 3351 vocat
339 3303 393 3352 biv.
406 3302 483 3352 Iden.
617 3313 686 3350 ntum
696 3301 807 3351 sanator
817 3315 833 3349 a
842 3300 938 3365 populo
947 3307 1143 3364 secreturapcr·

75 3381 90 3408 ¹
113 3377 169 3426 an
186 3377 256 3426 aaa
270 3377 420 3440 Aprum
439 3375 538 3426 Claadte
554 3379 579 3425 rt
615 3373 697 3425 tarta’
730 3375 789 3426 linc
809 3375 878 3425 ldem
888 3375 949 3423 Val.
964 3375 1036 3424 Mar.
1054 3373 1144 3425 teribit

45 3449 133 3501 Falaia
146 3449 195 3514 α]
210 3451 403 3502 trecenteni
411 3450 579 3516 Apollinares
615 3448 660 3499 lib.
672 3461 704 3499 n.
712 3463 770 3513 eap.
781 3455 807 3500 1.
839 3449 925 3498 ιοιιιι
936 3455 1081 3498 renatorum
1092 3447 1144 3502 snit

43 3527 157 3586 prunum
170 3524 238 3576 facti
255 3534 323 3576 runt.
343 3525 400 3576 Lir.
412 3537 506 3575 xxrrr.
515 3529 581 3576 rect.
616 3524 642 3572 iu
654 3522 806 3580 Orchestra,
814 3528 845 3572 ut
853 3523 903 3572 alio
910 3523 967 3573 leco
975 3523 1141 3589 rcrlpslnrutq

40 3603 80 3651 ἥ.
96 3599 191 3652 ‘ludi
202 3599 363 3665 Apollinares
372 3599 405 3653 Q.
414 3599 514 3659 Fulvio,
522 3598 578 3662 Ap·
615 3605 645 3649 et
654 3597 730 3662 bnjua
740 3599 779 3650 rel
790 3599 926 3663 vsatiglnrn
941 3605 1014 3650 extat
1024 3599 1073 3651 boc
1083 3600 1141 3654 loco

41 3677 83 3737 plo
94 3675 215 3727 Claudio
226 3677 300 3727 eon.
312 3675 369 3726 aP.
380 3673 500 3724 Cornelio
507 3674 578 3738 Sylla
615 3671 685 3737 apud
701 3673 817 3734 Festum,
826 3671 889 3723 licet
904 3673 930 3722 ln
943 3674 1088 3724 nominibus
1099 3677 1142 3726 Ε·

37 3759 159 3812 pretore
168 3749 243 3801 urbia
252 3746 434 3814 primumfaeti
443 3746 522 3798 aaut!
534 3747 578 3798 Da
615 3747 703 3799 ditium
720 3763 736 3799 a
748 3749 822 3800 Livio
841 3756 868 3799 at
878 3749 983 3800 Valerio
995 3749 1139 3800 dissentiat.

35 3824 120 3875 bonu
149 3823 349 3889 Apollinaribus
375 3824 402 3874 ln
427 3821 577 3887 apuam
615 3823 709 3875 Altera
729 3825 815 3888 epluln
834 3822 884 3874 fuit
899 3823 997 3874 Valerii
1017 3824 1140 3878 Antiatis,

35 3897 207 3950 damam
223 3897 301 3948 ram.
614 3899 659 3964 qnl
675 3899 785 3950 triennio
799 3904 858 3962 poat
875 3897 966 3947 acriblt
979 3897 1011 3948 Ρ.
1021 3897 1140 3962 Scipione

63 3985 76 4020 ¹
93 3973 239 4038 Meta]
258 3972 318 4026 Quo
334 3973 445 4038 primum
462 3981 576 4040 aune,et
615 3973 720 4036 Nasica,
730 3973 819 4024 Manio
830 3972 912 4022 Acilio
924 3970 1064 4021 Glabrione
1081 3973 1140 4022 Cor.

31 4052 162 4117 aquibus
173 4050 232 4102 ludi
240 4049 429 4113 acauiolprlmi,
435 4049 576 4115 Megalesia
614 4063 673 4100 cum
683 4047 753 4098 ader
763 4046 969 4110 MatriaMaqna
981 4043 1060 4096 idua
1073 4061 1088 4096 a
1100 4047 1139 4097 Μ.

27 4127 177 4192 appellati,
188 4125 257 4177 facti
268 4124 512 4182 tranctimetum
527 4133 576 4177 art.
614 4125 697 4174 Bruto
713 4123 834 4175 dedicata
855 4128 906 4184 sat,
927 4119 1001 4171 indua
1023 4122 1138 4172 ceruices

27 4205 126 4256 bisina
156 4203 291 4269 duplicem
318 4200 464 4265 upinlonrur
487 4200 575 4252 tradit.
615 4200 720 4265 primur.
729 4198 870 4263 Megalesia
884 4197 1038 4263 appellator,
1054 4196 1139 4249 iactor
