2930 4870
491 365 767 416 rnnaunnrum.
1088 359 1173 428 1089

112 507 314 576 minedomini
329 507 477 584 ductum,
495 513 532 572 ut
554 505 733 590 Marcipor,
748 508 859 592 gripor
868 519 892 560 ¹⁷
917 503 1071 596 quamvis
1095 523 1171 602 sint,

112 615 329 694 quianumero
351 618 501 674 natorum
527 629 572 674 ex
596 610 719 674 ancilla
740 613 854 693 quinto
870 615 946 682 loco
968 620 1093 688 dictum
1108 647 1173 710 pu·

110 721 172 778 tent.
208 711 341 796 Quippe
356 711 545 792 significare
560 710 640 794 quid
662 711 707 792 ni,
725 715 911 782 testimonio
925 727 978 784 cst
992 721 1116 790 Ennius
1131 729 1171 793 L.

110 815 183 880 nuel
196 815 317 898 quippe
339 815 447 878 solent
471 834 561 898 reges
582 835 696 880 omnes
712 817 746 880 in
762 818 860 882 rebus
882 824 1055 891 secundis:
1082 829 1170 895 idern

107 919 141 983 L.
156 935 225 982 xm.
259 920 395 1004 Quippe
413 927 545 984 vetusta
559 921 664 984 virum
678 937 745 982 non
760 925 812 984 est
826 921 910 985 satis
924 922 1014 988 bella
1027 931 1170 996 moveri:

104 1021 169 1084 item
191 1021 244 1085 alii
269 1023 468 1105 complures.
513 1020 677 1099 Quianam
696 1040 756 1105 pro
770 1041 875 1103 quare
896 1029 929 1086 et
952 1045 1010 1089 cur
1023 1029 1169 1109 positum

104 1129 131 1185 et
141 1131 161 1173 ¹⁹
178 1123 262 1206 apud
284 1125 454 1206 antiquos,
477 1130 515 1186 ut
536 1121 694 1186 Naevium
714 1123 749 1186 in
770 1125 914 1187 carmine
931 1126 1052 1193 Punici
1066 1131 1165 1199 belli:

100 1223 216 1288 Sumne
230 1224 342 1288 Deum
366 1231 522 1306 regnator
542 1224 696 1305 quianam
719 1242 823 1303 genus
836 1225 910 1290 isti:
934 1233 968 1292 et
989 1229 1024 1291 in
1046 1245 1168 1315 satyra,

96 1323 192 1408 (Quia
205 1344 278 1388 narn
293 1345 397 1406 genus
413 1325 491 1403 isti:
507 1325 583 1388 etin
598 1329 723 1407 satyra)
733 1332 762 1362 ²⁰
786 1325 875 1405 Quia
888 1346 965 1390 nam
978 1330 1168 1399 Saturnium

95 1425 244 1508 papulum
259 1427 439 1508 pepulisti:
459 1433 492 1489 ct
514 1425 657 1489 Ennium
680 1426 714 1489 in
738 1427 778 1490 t..
796 1443 863 1490 v11.
887 1427 1054 1506 Quianam
1070 1433 1168 1500 dictis

94 1526 209 1591 nostris
223 1527 483 1592 sententiaflexa
496 1532 558 1590 est.
602 1525 694 1604 Quid
707 1527 771 1590 nisi
784 1531 973 1610 usurparise
986 1539 995 1568 ¹
1012 1535 1167 1616 antiquos

92 1631 178 1696 testis
202 1637 251 1694 est
274 1629 434 1694 Afranius
456 1630 491 1693 in
517 1629 688 1712 epistula:
712 1629 770 1691 Me
792 1635 926 1694 auctore
944 1637 1047 1696 mater
1065 1635 1168 1700 absti-

89 1733 178 1795 nebis
194 1731 272 1814 quid
287 1731 379 1795 nisil
424 1729 612 1809 Quietalis²
633 1729 675 1792 ab
696 1729 846 1812 antiquis
870 1730 1042 1798 dicebatur
1060 1754 1167 1802 orcus.

88 1831 156 1914 [66]
179 1833 311 1910 Quintia
329 1841 426 1916 prata
441 1830 523 1896 dicta
545 1841 616 1894 sunt
630 1852 650 1893 a
668 1827 797 1898 Quintio
818 1827 1013 1910 Cincinnato,
1030 1836 1084 1918 qui
1103 1837 1168 1900 sibi

86 1931 316 2016 munatafilia,
337 1931 467 1996 venditis
482 1930 630 2008 omnibus,
645 1940 780 2014 quatuor
786 1930 938 2014 jugerum
952 1950 1061 2012 agrum
1081 1943 1167 1998 trans

88 2031 218 2096 Tiberim
227 2042 416 2115 parauerat:
431 2051 517 2116 quem
528 2051 639 2115 agrum
654 2029 796 2094 selenitem
812 2030 950 2094 Senatus
963 2029 1166 2114 Dictaturam,

76 2155 138 2217 per
152 2132 307 2211 viatorem,
322 2129 470 2195 salutauit
492 2129 734 2199 Cincinnatum,¹
749 2130 804 2213 qui
819 2129 855 2194 de
869 2151 903 2193 re
918 2129 990 2194 bene
998 2143 1084 2216 gesta
1098 2147 1167 2199 acta

32 2231 35 2238 ’
80 2231 245 2314 triumpba,
260 2231 304 2294 ad
311 2233 443 2314 privata
458 2231 581 2315 negotiu
600 2228 758 2315 confestim
779 2229 882 2308 rediit,
902 2229 1038 2314 deposita
1053 2229 1166 2298 Dicta-

78 2345 175 2397 tura:
195 2332 414 2417 pecuariamq.
441 2352 504 2394 rem
530 2340 559 2394 et
582 2328 743 2414 agrariam
765 2349 901 2395 exercens
920 2330 1070 2397 Romuleis
1084 2333 1168 2417 ipsis

74 2430 343 2518 emulationifuil
431 2476 439 2492 ·
518 2476 535 2495 .
624 2473 632 2490 ·
719 2448 783 2494 uos
870 2477 878 2493 .
966 2479 974 2498 .
1062 2481 1071 2498 .
1157 2483 1167 2499 .

72 2534 170 2619 quod
184 2553 226 2598 eo
315 2577 325 2596 .
430 2576 439 2596 .
527 2576 535 2594 .
623 2573 631 2592 .
733 2526 941 2596 Quinctilium
958 2529 1092 2618 Luperci
1106 2557 1165 2620 ap-

65 2633 191 2720 pellati
204 2633 381 2696 uidenturu
398 2629 590 2699 Quinctilio:
612 2629 665 2714 qui
675 2630 856 2714 prepositus
871 2640 924 2698 est
938 2633 1109 2718 Lupercis,-
1128 2645 1165 2699 ut

67 2761 91 2800 a
110 2734 212 2800 Fabio
229 2731 363 2796 Fabiani
377 2732 452 2796 dicti
466 2735 561 2796 sunt:
585 2731 656 2794 item
671 2731 825 2814 Luperci,
841 2732 926 2816 quib.
943 2734 968 2796 is
985 2737 1166 2820 prepositus

49 2835 173 2924 suerit
185 2833 307 2920 :fuisse
320 2845 423 2897 autem
439 2833 575 2897 Romuli
589 2831 771 2914 temporibus
795 2831 949 2896 institutos
967 2837 1166 2921 utrosque,'et

61 2936 236 3004 Fabianae
249 2947 279 3000 et
294 2934 544 3015 Quinctilianas,
559 2931 650 2994 multi
664 2939 733 2993 sunt
748 2931 802 3016 qui
816 2932 1005 2997 existiment:
1030 2956 1166 3019 quorum

55 3059 243 3104 numerum
253 3045 359 3120 pastea
373 3056 449 3118 sape
462 3043 586 3097 auctum
598 3030 712 3117 fuisse,
727 3033 801 3114 quia
816 3030 943 3096 bonoria
956 3036 1062 3116 maiia
1075 3035 1167 3098 multi

53 3142 97 3204 irs
128 3137 266 3222 lupercis
290 3134 550 3200 adscribebantur.
597 3131 795 3200 Quintanam
818 3133 961 3198 classem
976 3134 1022 3198 ait
1039 3131 1166 3198 Verrius

52 3241 202 3316 dictam,
218 3235 301 3322 quod
313 3237 347 3299 in
361 3257 397 3300 ea
411 3235 478 3299 Ser.
498 3233 618 3298 Tullius
631 3253 691 3298 rex
707 3234 885 3299 distributa
899 3235 997 3318 capite
1010 3257 1166 3299 cerasorum

50 3338 284 3416 multitudine,
305 3337 438 3422 quinique
466 3335 558 3412 fecit,
583 3353 659 3398 curn
691 3352 751 3398 eas
772 3333 942 3412 ordinauit,
963 3333 1041 3399 banc
1062 3346 1165 3400 autem

48 3439 185 3524 afferri
200 3460 332 3504 causam
348 3439 390 3502 de
406 3438 514 3519 capite
528 3456 682 3500 cansarum
696 3435 827 3514 nomiae,
844 3434 927 3520 quad
944 3437 969 3499 ii
990 3459 1049 3522 qua
1068 3459 1165 3501 cense-

45 3552 197 3618 rentur,
223 3541 307 3605 nihil
328 3548 448 3624 praeter
470 3557 508 3602 se
529 3535 687 3612 haberent,
709 3557 852 3622 suumque
872 3547 974 3620 caput.
1017 3539 1165 3602 Lucilius

40 3646 108 3707 sic
125 3642 304 3717 meminit,
319 3640 411 3725 quod
499 3683 508 3700 .
593 3683 602 3700 .
688 3683 698 3702 .
784 3684 793 3702 .
879 3639 1028 3722 adeptus.
1058 3637 1165 3717 Quer-

38 3763 212 3828 queram
230 3740 368 3827 febrem,
388 3759 515 3826 grauem
531 3749 560 3802 et
581 3759 745 3824 magnum:
766 3757 843 3804 nam
861 3740 997 3824 quidam
1013 3758 1165 3823 quercum

531 3951 712 3975 ΟΜΝΗ

70 4105 116 4151 17
140 4099 166 4150 f.
182 4100 353 4164 cuipam-18
370 4097 389 4149 l'.
403 4099 517 4151 xla-la
534 4098 553 4150 i.
568 4102 678 4150 ert-2⁰
695 4097 781 4164 ().-1
801 4095 820 4150 l.
837 4096 1040 4162 usurpavisse-2
1057 4092 1077 4142 f.
1094 4093 1165 4151 Quie-

19 4171 264 4307 tumebam
279 4245 411 4296 Vemclus.
541 4243 624 4306 Pomp·
638 4243 700 4292 Fert.
947 4209 949 4213 Ι
1047 4241 1061 4286 8
1079 4237 1100 4285 Z
