2934 4864
248 383 333 450 1178
579 395 694 446 saxu:
720 395 873 445 rourerr
899 393 1003 444 enarr

206 519 213 528 ⁵
247 549 353 608 terna:
377 549 455 607 sunt
476 539 564 604 eninr
586 539 725 622 utriusq.
744 539 912 622 opinionis
932 545 1099 601 auctores.
1147 536 1335 600 Mamercus
1449 516 1452 531 ¹

247 661 434 727 praenomen
453 641 585 706 Oscum
605 649 668 716 est,
691 641 734 704 ab
754 660 795 704 eo
811 639 902 722 quod
921 639 956 702 bi
977 639 1119 703 Martem
1138 638 1339 702 Mamertem
1458 715 1459 734 χ

246 744 423 828 appellunt.
468 742 697 809 Mamiliornm
712 741 838 806 familia
854 741 1027 824 progenita
1046 739 1118 803 sit*
1143 759 1167 803 a
1190 739 1339 803 Mamilia
1458 739 1459 750 ’

246 845 408 926 Telegoni
427 843 510 922 lilia,
524 863 626 928 quarn
645 842 786 908 Tusculi
809 839 1008 926 procreauit,
1026 841 1166 925 qnando
1189 841 1227 904 id
1249 843 1340 924 oppi-

246 948 324 1011 dum
341 947 415 1030 ipse
430 945 646 1012 condidisset.
691 943 857 1020 Mactata,
874 961 968 1026 saepe
987 962 1131 1007 manere.
1179 941 1339 1008 Otacilius

246 1051 279 1112 in
296 1047 466 1132 Epistola:
488 1047 567 1113 Jam
588 1053 649 1112 ne3
672 1045 759 1112 adeo
782 1051 911 1109 manta:
929 1045 1002 1127 jam
1024 1043 1091 1108 boc
1113 1044 1207 1121 ride,
1230 1063 1339 1109 caccus

247 1151 392 1214 animum
486 1193 494 1210 .
590 1190 597 1208 .
692 1189 701 1206 .
787 1144 953 1210 adventus
979 1144 1080 1227 angit.
1136 1143 1339 1211 Manticnla-

8 1277 9 1292 ¹
150 1269 155 1274 ·
245 1248 336 1315 run:t
351 1268 431 1314 usus
445 1249 646 1334 pauperibus
660 1247 695 1311 in
710 1247 852 1312 nummis
864 1246 1096 1324 recondendis,
1105 1247 1211 1311 etiam
1229 1255 1338 1312 nostin

246 1353 371 1417 saeculo
400 1351 474 1415 luit.
518 1349 614 1414 Unde
643 1347 852 1414 manticulari
885 1347 1092 1423 dicebantur,
1121 1348 1182 1430 qni
1210 1349 1336 1413 famudi

246 1453 352 1536 gratia
381 1450 578 1517 manticulas
609 1451 843 1516 attrectabant.
889 1448 971 1513 Indc
1000 1448 1113 1532 potitae
1136 1467 1199 1531 pro
1225 1449 1338 1514 dolose

245 1552 327 1636 quid
342 1554 468 1636 agendo
482 1553 533 1617 usi
547 1559 625 1616 sunt
640 1571 682 1616 eo
697 1553 809 1616 verbo.
840 1551 1027 1616 Pacuvius:
1051 1549 1107 1614 nd
1121 1551 1338 1614 manticulan-

242 1653 324 1720 dum
346 1660 421 1721 astu
444 1653 648 1738 aggreditur:
673 1655 738 1719 scit
752 1655 837 1718 enim
859 1653 938 1737 quid
959 1652 1194 1736 promeruerit:
1216 1651 1337 1717 modici

244 1755 487 1832 manticulatur,
532 1799 542 1818 .
589 1801 596 1816 .
642 1801 651 1820 .
696 1755 751 1819 lta
764 1775 817 1819 me
830 1753 910 1819 facti
930 1756 1085 1838 oppressi
1106 1758 1205 1837 jugo.
1250 1753 1333 1819 Item

244 1856 384 1922 deinde:
405 1855 588 1939 Aggredior
610 1865 686 1922 astu
708 1874 835 1938 regem:
858 1855 948 1937 [168]
970 1855 1258 1920 manticulandum
1280 1861 1332 1920 est

244 1957 344 2022 mibi:
364 1964 415 2022 et:
440 1955 632 2022 Machinam
655 1955 776 2022 ordiris
796 1975 916 2022 noram
937 1957 1147 2020 manticula⁴
1167 1964 1273 2034 metu,
1291 1975 1333 2022 au

244 2060 411 2126 sanctiora
430 2059 515 2123 dicis
534 2058 762 2143 jurajuranda.
807 2057 951 2122 Plautus
963 2057 1026 2122 boc
1041 2057 1234 2139 significare
1248 2059 1336 2122 ride-

243 2163 305 2234 tur,
333 2159 455 2243 quibus
484 2159 636 2242 qnotidie
656 2177 773 2241 parrae
792 2177 891 2223 noxae
913 2163 1163 2239 extergeantur:
1184 2159 1336 2244 frequem

243 2261 334 2328 enim
352 2261 497 2345 unuquis
520 2261 562 2326 ad
583 2281 698 2326 manus
722 2261 899 2343 tergendas
918 2279 999 2324 usus
1017 2259 1081 2324 luit
1102 2261 1332 2328 mantelorum.
1458 2265 1459 2268 ’

245 2361 381 2430 bloeson
405 2381 545 2446 persona
570 2364 700 2428 comica
722 2363 919 2447 appellatur,
942 2367 1001 2426 aut
1020 2363 1109 2440 coci,
1129 2369 1189 2428 ant
1210 2371 1335 2440 nautae,

241 2471 305 2530 aut
318 2463 394 2547 ejus
417 2466 554 2546 genens.
575 2465 644 2530 dici
665 2464 708 2529 ab
730 2465 902 2531 inventore
915 2465 987 2548 ejus
1002 2463 1162 2530 Moesone
1180 2463 1331 2531 oomoedo
1458 2438 1459 2526 l

241 2563 330 2649 (υἱ)ς
345 2567 394 2630 ait
407 2566 653 2648 Aristophanes
669 2567 929 2631 Grammaticus.

243 2664 415 2731 Maeniana
436 2666 608 2750 appellata
627 2674 704 2732 suut
728 2686 751 2732 a
774 2666 900 2730 Manio
921 2668 1137 2750 censuraque·
1155 2670 1288 2751 primus
1300 2670 1335 2734 in
1458 2733 1459 2757 p

244 2765 332 2832 Foro
352 2767 440 2832 ultra
458 2768 634 2834 columnas
653 2767 746 2850 tigna
765 2765 916 2851 projecit,
932 2787 999 2850 quo
1020 2769 1262 2852 ampliarentur
1278 2791 1338 2838 su·
1458 2773 1459 2802 ¹

241 2867 370 2954 periore
388 2869 594 2954 spectacula.
638 2868 752 2953 Major
772 2867 910 2934 Graecia
930 2869 1021 2934 dicta
1042 2876 1094 2936 est
1115 2871 1232 2950 Italia,
1244 2874 1338 2957 quod
1458 2905 1459 2940 r

242 2971 1018 3055 eamSiculiquoudamobu'nuernntrrelquod
1033 2971 1153 3038 multae
1167 2993 1337 3060 magnaeq.

240 3073 396 3140 ciuitates
414 3073 449 3138 in
465 3088 507 3138 ea
518 3071 645 3138 luerunt
659 3091 702 3138 ex
717 3071 855 3140 Graecia
868 3073 1036 3158 protectae.
1079 3074 1196 3140 Maius
1212 3079 1341 3144 mensis
1458 3129 1459 3144 2

241 3175 276 3238 in
298 3175 526 3258 compluribus
546 3173 738 3239 civitatibus
761 3174 891 3240 Latinis
913 3185 992 3244 aute
1014 3175 1139 3242 Urbem
1162 3179 1339 3244 conditam

241 3274 348 3342 tuisse
362 3274 507 3342 videtur:
529 3295 658 3361 quaer:
671 3295 777 3342 causa
796 3275 903 3345 u'trrun
916 3297 939 3346 a
954 3278 1146 3364 majoribus,
1159 3286 1199 3344 ut
1210 3280 1234 3344 J
1237 3281 1341 3348 unius
1458 3315 1459 3320 κ

239 3395 263 3444 a
279 3373 470 3458 juuioribus
488 3377 597 3444 dictus
622 3380 686 3444 rit:
706 3399 749 3445 an
771 3400 794 3445 a
817 3379 924 3458 Maia,
949 3380 1038 3464 quod
1065 3380 1239 3449 Mercurio
1263 3383 1339 3448 lilio

241 3477 312 3562 ejus
327 3499 379 3544 res
395 3479 517 3546 divinae
530 3479 609 3547 fiant
623 3481 799 3549 solemnes:
822 3502 864 3547 an
879 3483 971 3566 quod
985 3483 1053 3566 ipsi
1070 3483 1155 3548 Deae
1168 3485 1203 3547 in
1219 3485 1341 3548 multis

242 3581 370 3646 latinis
382 3583 576 3648 civitatibus
587 3583 752 3649 sacrificia
762 3585 888 3650 fiebant
930 3630 938 3647 .
983 3632 992 3648 .
1037 3628 1047 3647 .
1089 3583 1125 3648 Λᾶ
1149 3585 1343 3651 Monstrum

697 3762 877 3785 ΟΜΟΝΟ

274 3885 290 3930 t
306 3878 446 3938 mite-⁸
463 3878 483 3930 f.
498 3881 530 3930 al.
540 3885 638 3932 οτι-4
654 3879 673 3931 f.
690 3881 881 3935 uenum-u
897 3879 919 3930 f.
935 3879 1028 3946 ().-6
1044 3879 1065 3932 l.
1082 3897 1099 3930 a
1109 3883 1161 3946 ipre
1171 3897 1259 3932 mre.

731 4042 840 4094 NOTAE

271 4157 283 4190 b
301 4155 499 4221 Marruuium]
518 4155 644 4219 Mantele,
660 4158 765 4209 Servius
805 4159 870 4211 dicit
880 4173 1002 4225 mappas:
1020 4159 1150 4225 Mantele,
1161 4175 1289 4228 merumq.

241 4229 310 4295 apud
321 4241 363 4278 me
381 4229 407 4278 in
426 4231 531 4283 :obedia
547 4233 641 4299 inquit,
651 4235 764 4285 Lucilius
