2934 4864
291 345 376 414 nno
623 359 737 416 snxrt
760 357 912 408 ronrrrr
936 311 1063 408 rnsrr‘

291 515 383 590 etque
406 501 452 567 ite
466 501 614 566 inclinato
639 502 751 567 vinnm
769 503 804 566 in
819 507 923 586 ceput
937 495 1296 564 ntuodeoauesotemni
1314 515 1363 558 eurr

286 605 489 688 precatione.
533 603 689 667 Remiseo
704 603 847 680 exercitu,
860 600 953 684 simui
972 601 1064 664 etium
1086 599 1161 683 [99]
1185 598 1313 682 Augur,
1321 616 1364 681 qn

290 704 395 768 consui
407 705 441 766 in
457 701 534 768 cetto
557 723 637 769 osus
651 712 704 768 est
725 705 760 784 in
782 702 979 787 auspicando,
994 699 1146 764 discedere
1160 721 1228 762 tenu
1237 699 1367 781 jubetur,

291 806 383 888 qnod
409 815 480 868 tunc
505 804 560 868 iilo
584 804 748 868 discedente
774 811 891 870 certum
915 809 978 874 est,
1003 801 1182 891 exereitum
1207 798 1303 862 etiem
1320 817 1366 858 me

291 904 458 982 remissurn,
476 911 513 986 nt
534 925 610 969 cnm
630 924 716 986 opus
737 907 792 984 sit,
815 913 886 967 tunc
907 903 934 965 si
961 901 1047 979 velit,
1069 899 1228 976 discedere
1251 900 1366 982 possit:

292 1025 371 1069 nem
396 1003 541 1068 Consules
568 1013 598 1068 et
631 995 776 1068 Censores
812 1025 873 1068 non
904 1005 939 1068 in
974 1010 1171 1087 perpetuum
1199 997 1367 1084 Auguribus

287 1104 487 1188 presentibus
509 1113 650 1181 utentur,
665 1114 702 1170 ut
717 1107 766 1172 ait
781 1104 845 1189 Ap.
867 1102 1016 1180 Pulcher,
1032 1103 1085 1166 sed
1105 1111 1232 1165 tuntum
1257 1101 1290 1163 in
1312 1120 1369 1162 uus·

289 1206 389 1288 picio,
400 1205 506 1289 qnas⁶
516 1214 624 1290 posteo
637 1205 775 1270 dimittar
788 1206 827 1284 is,
842 1227 867 1282 a¹
877 1225 938 1289 quo
953 1203 1021 1288 Iege'
1027 1223 1156 1268 secures
1165 1204 1296 1267 habite
1311 1212 1367 1264 sunt

288 1308 402 1391 prius:
423 1329 512 1392 quem
529 1315 558 1370 et
567 1307 705 1392 priorem
718 1326 793 1372 esse
807 1307 857 1372 nit
869 1303 1034 1370 Antistius
1045 1300 1164 1379 Leton
1178 1304 1369 1389 quiquidem

293 1428 389 1494 quoq.
409 1409 481 1490 lege
508 1406 691 1492 significari,
706 1416 741 1471 nt
759 1405 851 1491 prior
868 1406 909 1469 sit
931 1405 965 1468 ire
983 1405 1185 1488 auspicando
1200 1406 1326 1482 dicitnr,
1338 1411 1370 1468 ut

294 1507 439 1573 nitidem
461 1505 566 1572 Lnbeo
589 1509 622 1571 in
643 1506 722 1572 libro
744 1506 780 1571 de
805 1506 916 1573 officio
940 1504 1099 1588 Auguris.
1143 1503 1255 1569 Potest
1281 1516 1369 1568 neten

294 1607 409 1694 Augur
430 1607 466 1670 id
485 1619 516 1671 et
535 1611 569 1672 in
592 1609 734 1672 consitio
749 1607 865 1682 iucem
885 1603 936 1670 vel
954 1607 988 1669 in
1002 1605 1077 1684 otio,
1097 1626 1157 1690 quo
1177 1607 1269 1670 sedet
1283 1607 1371 1681 loco,

292 1709 452 1794 pullisque
464 1707 580 1793 pultem
595 1707 749 1771 edentibus
768 1705 954 1770 solistimum
968 1707 1049 1770 iecit
1061 1708 1242 1790 euspicium
1253 1731 1266 1768 .·
1278 1715 1372 1789 potest

293 1809 397 1886 etium,
411 1808 438 1872 si
451 1810 536 1886 velit,
552 1807 638 1872 intre
653 1807 868 1891 pomoerium.-
888 1806 936 1870 εἰη
945 1817 1058 1884 nutem,
1072 1806 1105 1870 in
1120 1809 1235 1891 tempio
1249 1808 1371 1872 consis-

293 1911 347 1974 tit.
391 1909 564 1994 Repertom
591 1906 705 1972 dicitnr
721 1907 802 1972 idem
820 1907 903 1993 quod
929 1908 1088 1972 emissum
1114 1907 1263 1991 recipere,
1287 1907 1373 1992 quusi

293 2019 452 2093 repartum
475 2019 505 2074 et
525 2017 724 2092 reparatum.
769 2008 900 2085 nictus,
914 2006 999 2086 rinc,
1024 2006 1141 2088 risose,
1160 2009 1299 2093 ringitur
1312 2009 1373 2072 dici

293 2111 457 2188 videntur,
472 2111 551 2194 quie
562 2111 595 2173 in
609 2109 761 2174 diuersum
773 2116 968 2194 rumpantur,
983 2110 1184 2193 contrariaq.
1199 2111 1271 2174 sini
1290 2119 1372 2186 ructo,

295 2210 379 2298 quod
388 2210 568 2275 uocabulum
580 2231 600 2273 u
614 2211 769 2294 regendo,
785 2218 822 2275 ut
835 2207 1033 2274 commodius
1048 2207 1214 2273 deductum
1226 2210 1372 2288 sidentur,
1456 2221 1457 2292 ζ

295 2314 422 2378 dictum
433 2311 661 2397 videripotest.

298 2410 423 2493 Sesopin
445 2411 478 2473 in
504 2411 663 2498 Augurali
689 2423 719 2477 et
745 2409 864 2478 Saliari
892 2411 1037 2476 carmine
1070 2410 1287 2496 appellentur,
1313 2433 1377 2498 que

295 2509 373 2572 ulios
387 2513 493 2594 esopiu
514 2531 574 2595 pro
588 2514 717 2578 sedilib.
740 2513 839 2578 dicere
861 2513 1005 2578 iuhemus
1025 2533 1104 2576 nnnc
1120 2512 1232 2579 adhuc
1255 2517 1287 2579 in
1305 2533 1378 2579 nnn·

294 2611 472 2675 suetudine.
517 2611 607 2696 Susq.
621 2611 687 2698 deq.
696 2611 862 2698 frequens
876 2620 941 2691 est,
961 2632 1021 2696 pro
1035 2614 1110 2696 plus
1125 2615 1298 2678 minusve:
1320 2615 1381 2698 sig·
1456 2667 1457 2688 ,

288 2709 401 2792 ,efficat
419 2721 519 2774 nutem
539 2711 573 2774 id
587 2713 677 2796 qnod
692 2716 821 2797 antiqui
835 2693 1130 2800 usqsdicerescliti
1144 2726 1247 2778 erunt.
1293 2714 1380 2778 Sori-

295 2811 351 2876 vio
367 2812 528 2896 significat
542 2815 576 2876 in
592 2813 727 2879 camnine
743 2813 863 2878 Saliari
875 2826 905 2879 et
921 2814 1089 2898 Aegoceri,
1104 2817 1256 2880 sonanti.
1330 2863 1336 2870 .

298 2911 372 2976 Sine
393 2911 487 2976 suerit
506 2912 656 2978 heredites
684 2917 719 2979 in
748 2917 924 3001 proverbio
943 2917 1010 2983 dici
1042 2917 1141 2992 solet,
1170 2939 1242 2979 cnm
1263 2913 1385 3002 aliquid
1456 2903 1457 2994 i

296 3012 447 3078 obvenerit
462 3015 535 3078 sine
554 3015 624 3080 uile
646 3019 847 3102 incommodi
860 3017 951 3101 [100]
961 3017 1169 3101 appendice:
1194 3019 1290 3100 quod
1306 3019 1385 3082 oiim
1456 3051 1457 3062 κ

295 3133 391 3180 sacru
406 3133 470 3178 nnn
484 3116 591 3180 solnm
607 3115 745 3200 publice
766 3119 991 3182 curiosissime
1015 3117 1312 3199 administrabant,
1327 3121 1387 3183 sed
1456 3115 1457 3178 t

294 3216 392 3279 etiem
407 3216 558 3299 privetu:
582 3218 749 3301 relictusq.
763 3217 855 3284 heres
871 3221 945 3284 sic⁷
969 3219 1132 3302 pecuniae,
1147 3221 1254 3284 etium
1273 3241 1391 3286 secro-
1456 3255 1457 3306 1

294 3333 363 3378 rum
379 3323 469 3397 eret3
490 3323 529 3381 ut
548 3337 589 3382 ea
602 3317 855 3400 diligentissime
871 3320 1099 3384 administrare
1115 3327 1210 3384 esset
1228 3342 1389 3388 necesse·
1456 3317 1457 3392 i

294 3414 387 3479 rium.
412 3417 585 3501 Suppum¹
599 3419 728 3502 antiqui
742 3417 913 3497 dicebant,
924 3437 1023 3503 quem
1034 3438 1123 3484 nnnc
1133 3423 1393 3505 supinnmdici-

780 3889 885 3941 NOTAE

326 3999 468 4062 *suppum
488 3999 590 4065 Suppetit
613 4001 712 4064 jectum
734 4017 814 4066 quen·
853 4003 896 4053 tib.
910 4015 992 4054 xviri.
1004 4017 1060 4070 rep.
1071 4010 1114 4055 ue.

294 4070 352 4122 dnm
361 4074 386 4122 in
400 4077 503 4124 tesseris
516 4076 599 4126 euceri
612 4077 689 4127 trudit
701 4077 814 4128 isidorus
