2934 4864
280 381 368 450 1156
613 395 726 448 snxrr
752 394 1033 468 conspuerent
1168 427 1174 447 ,

282 547 368 618 ante,
386 557 487 625 qutun
510 541 545 604 iu
567 541 721 605 seniorib.
745 548 825 606 sunt
847 541 951 604 censi.
993 539 1141 604 Seuntns
1163 535 1366 604 decretum

279 643 435 710 consulto
449 641 562 706 AElius
577 641 697 708 Gallus
707 644 758 708 sic
767 641 947 724 distinguit,
963 647 999 706 nt
1010 641 1046 704 id
1061 640 1156 705 dicat
1171 641 1369 722 particulam

279 743 448 828 quendam
462 761 536 806 esse
551 743 855 819 senatusconsulti,
869 747 995 808 utcum
1011 741 1187 824 provincia
1202 741 1305 806 alicui
1320 742 1373 804 de·

280 845 434 922 cernitur,
457 843 547 926 quod
571 851 680 908 tamen
699 846 809 927 ipsum
829 851 962 908 senatun
986 841 1134 908 consulti
1157 849 1220 906 est
1281 842 1369 906 Senis

281 945 396 1010 crinib.
411 945 568 1008 nubentes
583 951 747 1021 ornentur,
761 945 852 1026 qood
867 943 918 1008 his
927 951 951 982 ¹¹
966 951 1106 1008 ornatus
1122 943 1368 1006 vetustissimus

278 1046 361 1112 fnit:
383 1045 518 1128 quidam
535 1044 623 1128 quod
644 1064 686 1108 eo
701 1043 861 1109 Vestales
880 1043 1023 1127 virgines
1045 1051 1218 1120 ementur,
1233 1061 1369 1126 querum

279 1145 466 1214 caetitatem
483 1146 561 1210 viris
576 1145 647 1210 suis
662 1163 790 1228 sponoe
801 1151 827 1182 ¹¹
866 1187 873 1204 .
917 1187 926 1206 .
972 1189 980 1206 .
1024 1145 1198 1210 coeteris.
1243 1147 1369 1222 Sontas,

278 1265 356 1312 cnm
380 1253 512 1312 coenet
528 1265 606 1310 esse
628 1247 754 1328 spinas,
776 1251 811 1310 et
822 1244 980 1310 Afranius
998 1245 1032 1308 in
1046 1244 1211 1310 Abducta
1232 1246 1368 1310 dixerit:

279 1347 390 1426 Quam
420 1349 591 1412 senticosa
613 1347 714 1412 verba
740 1353 928 1429 pertorquet
951 1347 1101 1410 turnw
1134 1365 1200 1430 pro
1223 1347 1367 1430 spinosis

278 1448 387 1532 accipi
403 1445 511 1512 debet.
554 1447 691 1512 Senium
705 1465 726 1510 a
740 1445 837 1510 senili
853 1447 1045 1524 acerbitate,
1060 1455 1097 1510 et
1114 1448 1211 1512 vitiis
1226 1448 1366 1512 dictura:

277 1550 390 1632 posuit
404 1547 562 1614 Caecilius
576 1549 611 1612 in
631 1547 822 1630 Hymnide:
845 1546 924 1613 Sine
939 1567 1032 1612 suunt
1048 1553 1253 1612 senectutem
1267 1549 1370 1613 ducat

276 1653 360 1733 utiq.
375 1650 418 1714 ad
439 1650 567 1714 senium
589 1650 737 1715 sorbitio.
781 1649 944 1727 Senonas,
967 1647 1089 1714 Gallos
1105 1649 1266 1726 (Verrius
1288 1650 1368 1730 aith

275 1753 459 1818 existimari
481 1751 657 1835 appellari,
679 1753 760 1834 quin
781 1752 861 1816 novi
882 1751 1215 1834 venerintex‚[146]
1230 1754 1366 1816 mosal-

275 1855 356 1937 piua
380 1852 522 1934 regione,
541 1873 578 1915 ac
596 1852 737 1935 primunt
755 1851 924 1936 appellatos
944 1849 1044 1932 ξένους,
1064 1861 1187 1936 postea
1209 1854 1363 1918 Senonas.

138 2023 143 2030 ,
278 1953 521 2038 Septentriones·
548 1960 673 2036 septem
703 1953 809 2018 stellte
838 1954 1046 2036 appellantur
1076 1975 1097 2016 o
1123 1963 1237 2037 septen
1264 1953 1365 2019 loom

269 2057 409 2140 junctis,
433 2074 520 2139 quos
540 2055 690 2119 trienna
708 2055 926 2118 terremini
945 2055 1129 2138 appellent,
1150 2055 1242 2138 quod
1262 2057 1367 2138 juncti

273 2156 368 2222 timul
379 2169 494 2221 terrum
510 2164 611 2232 orent,
626 2157 723 2240 quusi
739 2157 920 2221 terrionest
943 2155 1069 2241 quidem
1089 2179 1112 2218 o
1133 2167 1248 2240 septem
1262 2157 1364 2228 nette,

274 2259 367 2342 quod
392 2257 427 2322 id
452 2263 578 2322 astrum
600 2255 708 2321 Greci
729 2252 846 2337 ἅμαξαν
873 2255 989 2333 dicent,
1016 2255 1091 2340 quio
1115 2255 1213 2320 hebet
1237 2267 1365 2340 partem

273 2359 438 2443 quandum
462 2357 587 2423 temonis
608 2355 722 2439 speciei
754 2355 835 2420 nn&
856 2356 902 2420 cit
931 2351 1078 2422 Ennius:
1108 2357 1263 2439 Superat
1288 2367 1367 2420 tento

271 2457 385 2522 stelin.
431 2455 496 2522 Sed
514 2466 549 2522 et
571 2457 704 2540 physici
718 2475 793 2520 curn
810 2459 912 2524 situm
934 2465 1047 2539 septen
1068 2456 1234 2522 stellarum
1247 2465 1364 2524 eordan

272 2602 281 2623 .
327 2602 335 2620 .
380 2603 387 2618 .
432 2559 623 2641 templati‚¹⁴
643 2559 868 2642 septentriones
892 2556 955 2620 dici
978 2559 1079 2634 siunt,
1101 2559 1197 2642 qnod
1220 2561 1272 2624 ita
1290 2569 1366 2625 sunt

271 2659 336 2726 situ
350 2666 460 2742 septem
475 2657 580 2736 stello,
596 2665 633 2722 ut
647 2665 749 2724 terne}
762 2661 924 2742 proximae
946 2659 1041 2742 specie
1058 2657 1195 2742 efficiant
1208 2659 1296 2724 velut
1309 2663 1368 2726 tri·

271 2779 366 2843 gena
412 2759 558 2824 Scensas
581 2757 707 2844 antiqui
731 2757 882 2836 dioebnnt,
905 2780 997 2844 qnam
1019 2779 1106 2824 nunc
1129 2780 1268 2827 coenas:
1290 2781 1369 2846 quae

270 2867 379 2926 nutem
393 2880 473 2922 nnnc
480 2858 627 2943 prandia,
638 2879 699 2942 pro
714 2859 801 2924 cenis
815 2859 989 2938 habebant,
1003 2867 1037 2926 et
1050 2881 1113 2943 pro
1128 2863 1233 2927 caenia
1246 2885 1370 2948 uesper-

269 2983 326 3026 nos
340 2958 551 3046 appellebant.
594 2960 707 3042 Signa,
722 2968 762 3024 ut
775 2979 894 3038 rerum,
909 2961 958 3026 ite
972 2981 1088 3046 qnoque
1102 2983 1150 3024 res
1166 2961 1242 3045 ipse
1258 2964 1373 3028 dieun-

269 3075 334 3140 tnr,
347 3069 406 3126 aut
418 3061 561 3144 lapides,
577 3058 753 3142 autfictt'le,
765 3070 822 3123 ont
834 3061 862 3124 εἰ
875 3083 937 3146 qno
947 3061 1095 3146 &ennodi
1107 3063 1220 3128 adhuc
1233 3067 1371 3152 aliqua:

268 3169 303 3228 et
322 3163 411 3246 tigno
425 3161 583 3239 dicuntur,
605 3181 671 3244 qna
686 3158 872 3246 sculpantur
885 3164 996 3230 etiam.
1040 3163 1109 3228 Sed
1130 3165 1257 3248 poculo
1273 3167 1373 3232 etiarn
1448 3161 1449 3175 ¹

268 3263 427 3348 inquibus
448 3273 519 3326 tunt
541 3262 717 3328 simulacra
742 3263 786 3326 ad
809 3261 924 3346 effigies
945 3261 1096 3349 sigillato.
1143 3263 1314 3352 Sequetur
1340 3272 1373 3334 is
1447 3255 1448 3283 ¹

267 3365 396 3443 dicitur,
422 3366 481 3449 qn
503 3365 586 3430 nter
609 3365 752 3448 aliquos,
775 3363 981 3448 quioniam,
1003 3365 1373 3442 medinntintereos
1446 3357 1447 3391 ¹

266 3468 467 3544 convenerit,
484 3465 652 3548 depositum
666 3465 712 3528 itu
725 3475 806 3529 tenet
817 3465 954 3549 aliquid,
970 3475 1010 3532 nt
1024 3469 1056 3532 ei
1069 3463 1210 3548 reddat,'
1221 3473 1316 3556 qni¹⁵
1332 3472 1373 3536 id
1445 3445 1446 3499 ¹

265 3564 460 3650 deberijnre,
475 3565 535 3629 siti
547 3566 734 3630 constiterit.
767 3564 852 3632 Galo
867 3568 900 3630 in
915 3587 958 3632 eu
972 3567 1125 3646 oratione,
1138 3591 1238 3655 quom
1253 3571 1375 3637 hbuit
1444 3525 1445 3607 1

717 3745 896 3768 ΜΟΙΙΝΙΜ

296 3865 326 3910 11
338 3855 702 3922 t.u.—1tt.=ponlean.-1e
714 3859 733 3910 l.
744 3863 850 3926 ispa-t
867 3861 972 3928 ().-1t
987 3859 1008 3912 f.
1017 3864 1254 3927 mensuit-1⁵
1273 3863 1380 3932 ΕΜ.

754 4022 859 4074 Nom

293 4123 302 4148 ¹
318 4117 504 4180 Septentriones]
522 4119 595 4168 Ennii
610 4133 697 4170 venun
709 4119 782 4170 dimi·
825 4135 862 4171 vr.
873 4120 905 4172 de
917 4121 991 4185 liog-
1003 4121 1061 4170 Lat.

260 4189 344 4236 dietus
353 4191 461 4242 nabetur
470 4192 538 4255 apud
548 4193 688 4244 Varronem
699 4193 723 4244 in
735 4193 781 4244 lib.
