2912 4858
526 378 695 430 sunnon.
797 393 798 396 ι
1071 367 1156 437 1197

71 541 139 586 cem
154 527 293 600 uocauit
309 528 344 584 et
358 522 537 604 piamenta,
553 525 674 606 quibus
688 523 787 588 utitur
803 523 988 606 expiando:
1006 526 1061 590 alii
1079 547 1156 609 pnr-

70 629 233 704 gamenta.
271 621 454 688 Piacularis
465 629 563 708 porta
574 624 761 708 appellatur
769 634 907 707 propter
918 627 1028 708 eliqua
1040 629 1156 710 piacu-

69 723 112 799 la,
120 723 324 807 quaaibidem
334 724 473 790 fiebant:
488 726 554 803 vel,
565 731 603 789 nt
612 725 659 789 ait
668 723 828 802 Cloatius,
838 745 911 789 curn
921 745 966 790 ex
975 736 1088 792 sacro5
1097 747 1157 811 per

69 821 210 907 aliquem
222 825 355 908 piaculo
368 827 522 903 solvitur,
531 827 691 910 utalique
701 825 815 909 piandi
829 826 1063 910 propitiandiq.
1074 848 1154 893 oau-

67 945 106 989 sa
124 927 320 990 immoletur.
364 927 481 1010 Pigere
501 927 662 992 interdum
677 946 738 1010 pro
752 927 886 1004 tardari,
912 929 1074 992 interdurn
1093 949 1154 1012 pro

66 1025 226 1108 poenitere
238 1028 319 1109 poni
330 1028 425 1092 solet.
462 1027 621 1108 Pangere,
634 1029 747 1108 figere:
761 1027 844 1091 undo
856 1028 978 1110 plantes
993 1031 1090 1112 pangi
1106 1031 1154 1095 di·

66 1132 195 1202 cuntur,
216 1143 294 1190 curn
318 1127 351 1189 in
377 1133 495 1192 terram
511 1127 724 1191 demittuntur
822 1174 829 1188 .
925 1175 933 1190 .
1146 1177 1154 1196 .

65 1224 274 1289 Permutatur
283 1226 317 1289 id
326 1228 461 1309 proprie
473 1227 542 1291 dici
551 1225 782 1310 videtur,qnod
792 1247 836 1292 ex
846 1228 912 1293 elio
921 1229 998 1294 loon
1014 1231 1106 1312 [187]
1121 1233 1154 1294 in

65 1325 169 1390 alium
180 1326 387 1392 transfertur:
413 1335 448 1392 at
464 1333 693 1418 commutatur,
708 1329 798 1411 qnod
814 1329 905 1393 alind
920 1349 980 1412 pro
995 1331 1061 1395 alio
1076 1333 1155 1396 sub·

64 1427 225 1492 stituitur.
261 1428 327 1492 Sed
344 1429 466 1512 eaJam
484 1429 842 1494 confuseinususunt·
876 1429 1026 1494 Pierides
1044 1431 1152 1496 Musae

63 1537 202 1610 propter
224 1531 449 1594 amoenitntem
471 1548 513 1594 eo
545 1529 761 1593 solitudinem
784 1529 885 1592 Pierii
908 1531 1028 1593 montis
1051 1532 1153 1598 dictse

62 1629 230 1706 videntur,
245 1629 334 1713 quo⁶
355 1639 451 1694 esse⁷
474 1632 614 1694 secretis
629 1631 713 1694 locis
729 1637 863 1713 propter
877 1630 990 1694 studia
1004 1631 1155 1699 liberalia

61 1728 276 1796 delectentur.
320 1731 552 1796 Perconotatio
567 1751 628 1813 pro
643 1731 899 1813 interrogatione
915 1731 1008 1796 dicta
1023 1733 1154 1798 videtur

61 1849 107 1894 ex
129 1825 269 1897 nautico
291 1851 366 1907 usu,
386 1833 466 1914 quie
483 1838 581 1896 conto
602 1838 1047 1915 pedententmgnoscunm.
1062 1835 1155 1899 navi-

59 1939 183 2012 gantes
208 1950 304 2015 aquae
329 1931 556 1996 altitudinem:
590 1933 634 1996 ob
660 1949 763 2014 quam
786 1949 922 1996 oausam
948 1933 996 1995 ait
1018 1932 1154 1998 Verrius

57 2031 164 2096 etiarn
179 2030 357 2096 secundem
372 2033 535 2114 syllabam
549 2051 609 2114 per
623 2051 644 2094 o
662 2032 766 2095 solere
790 2031 911 2094 scribi:
934 2031 1013 2094 mibi
1034 2032 1069 2095 id
1094 2034 1155 2097 fel·

58 2151 140 2196 snnr
155 2133 302 2198 videtur:
324 2150 400 2196 nem
415 2140 467 2196 est
480 2129 538 2196 illa
551 2130 888 2214 percunctatio,quod
899 2133 940 2208 is,
953 2134 1009 2215 qui
1024 2135 1153 2198 curiose

56 2231 145 2312 qnid
158 2231 349 2313 interrogat,
360 2233 569 2315 percunctari
584 2231 650 2294 sit⁸
667 2239 704 2294 ut
717 2237 806 2295 recta
822 2249 881 2312 per
892 2251 915 2294 u
930 2232 1061 2298 literam
1078 2237 1156 2298 scri·

55 2334 173 2397 batur.
218 2332 392 2414 Peringam
415 2331 534 2396 Gallus
549 2331 659 2394 AElins
680 2331 737 2407 ait,
751 2332 809 2414 qui
831 2330 925 2406 liber,
946 2340 1007 2395 aut
1027 2353 1155 2410 servus,

55 2441 118 2499 aut
132 2433 242 2498 bostis
257 2434 336 2498 sni⁹
357 2433 528 2498 voluntate
548 2432 592 2496 ad
605 2432 718 2496 hostes
740 2431 915 2510 transierit,
931 2435 987 2514 qui
1002 2432 1090 2499 idem
1104 2435 1156 2499 di·

54 2535 149 2598 citur
163 2532 346 2613 transfuga,
358 2551 548 2616 quenquam
564 2539 650 2609 sunt,
663 2532 720 2614 qui
735 2533 872 2596 credant
882 2535 1049 2615 perfugam
1066 2555 1155 2613 esse,

51 2654 124 2698 non
143 2641 213 2700 tam
229 2636 286 2718 qui
301 2633 387 2698 alios
400 2633 517 2715 fugiat,
532 2652 630 2716 quam
646 2635 703 2716 qni
725 2634 770 2696 ob
791 2652 885 2714 spem
906 2635 1154 2700 commodorum

51 2735 98 2799 ad
116 2738 311 2818 quempiam
326 2734 501 2817 perfugiat.
544 2733 702 2798 Persacul
716 2733 853 2815 antiqui,
875 2741 907 2796 et
926 2753 986 2816 per
1008 2753 1046 2798 se
1064 2735 1159 2801 facul

49 2836 230 2913 dicebant,
244 2836 335 2918 quod
349 2853 435 2899 nuno
449 2835 547 2898 facile
561 2835 716 2911 dicimus,
730 2833 809 2897 inde
830 2835 1012 2915 permansit
1027 2832 1063 2898 in
1077 2856 1155 2900 oon-

48 2936 241 3002 suetudine
255 2935 408 3000 facultas.
452 2933 674 3015 Peremptalia
688 2933 818 3014 inlgnra
831 2933 1017 2998 Graccus¹⁰
1033 2937 1080 2999 ait
1096 2956 1156 3000 ro·-

47 3040 143 3115 cnri,
161 3055 239 3134 qum
253 3037 425 3119 superiore
438 3036 580 3117 fulgure,
593 3040 661 3098 ut¹¹
688 3039 841 3117 portenta
855 3036 889 3096 vi
909 3054 971 3099 sna
986 3044 1156 3118 peremant

45 3140 200 3205 duobus
215 3138 332 3214 modis,
347 3137 509 3220 prioribus
524 3133 696 3200 tollendis:
719 3141 778 3197 aut
793 3135 916 3218 maj0re
932 3136 1101 3214 manubia,
1117 3143 1156 3201 nt

45 3241 163 3306 tertia
179 3239 346 3316 secundm,
361 3236 507 3302 secunda
520 3237 636 3319 primae
651 3235 767 3299 cedat:
789 3254 865 3298 nam
881 3241 918 3299 ut
931 3236 1074 3299 omnia¹²
1098 3257 1155 3301 sn-

43 3347 224 3426 petentur
243 3339 383 3420 fulgure,
406 3338 456 3402 sic
476 3338 577 3400 ictum
599 3335 707 3418 fulgur
728 3335 891 3400 manubiis
917 3336 1014 3412 vinci.
1050 3336 1155 3402 Pere-

43 3442 153 3506 diam
181 3446 215 3505 et
236 3440 397 3504 bibesiam
424 3437 566 3501 Plautus
591 3435 690 3500 finxit
714 3454 778 3499 sua
802 3435 1052 3512 consuetudine,
1078 3455 1155 3501 oum

39 3542 206 3622 intelligi
229 3540 333 3604 uoluit
354 3537 573 3621 cupiditatem
595 3537 714 3600 edendi
736 3543 772 3600 et
791 3534 937 3600 bibendi.
980 3535 1153 3600 Peremere

42 3644 205 3710 Cincius
225 3641 259 3704 in
278 3641 336 3704 lib.
352 3639 393 3703 de
408 3640 518 3703 verbis
541 3639 662 3720 priscis
684 3639 731 3700 ait
750 3636 933 3718 significare
948 3635 1048 3712 idem,
1063 3636 1155 3718 quod

38 3743 256 3831 probibere:
277 3748 312 3805 at
326 3741 409 3806 Cato
424 3741 458 3803 in
479 3738 515 3802 li.
536 3739 595 3820 qni
616 3751 668 3802 est
691 3736 731 3800 de
752 3757 786 3801 re
808 3737 943 3801 militari
957 3756 1016 3820 pro
1031 3737 1154 3800 viciare

526 3947 705 3969 ”neuneu

75 4129 94 4173 5
117 4119 143 4170 f·
158 4131 217 4168 Μ
226 4117 351 4177 ,sm-6
366 4115 385 4164 f·
396 4117 513 4180 quud-l
531 4113 564 4160 ⁸1·
575 4117 667 4165 ern-8
685 4111 756 4174 uper
766 4115 860 4161 martes
870 4122 907 4158 res
918 4109 994 4157 tt-tt
1011 4105 1155 4156 isses-tu

31 4191 57 4240 f.
78 4183 282 4238 Granio-11
299 4179 317 4230 i.
328 4183 443 4230 caleti
459 4177 478 4228 f.
489 4179 574 4229 mea
