2934 4864
288 350 371 426 1110
618 363 733 414 suxrr
757 363 912 413 rourum
937 365 1041 414 rusrr

283 515 319 574 ut
334 509 365 574 si
379 508 415 573 id
433 507 550 585 iaciat,
563 513 677 573 contra
697 506 841 571 Deorum
854 507 1058 572 voluntatem
1074 506 1239 572 videatur
1252 508 1358 574 secere:

284 630 352 695 quo
366 611 400 674 iu
414 627 533 692 genere
546 613 623 672 sunt
637 608 729 686 buec3
752 609 784 671 iu
800 608 905 672 eedem
921 608 1026 672 Bouae
1044 607 1129 674 Deae
1148 610 1262 673 virum
1279 611 1360 673 iutro·

283 713 351 776 ire:
368 711 528 776 adversus
541 711 693 793 mysticae
704 717 726 756 ¹³
754 709 859 790 legem
876 708 919 772 ud
934 709 1096 791 populum
1113 709 1224 773 serre:
1245 710 1299 774 die
1318 731 1362 773 ne·

284 809 372 878 lusto
396 812 487 894 apud
507 812 687 875 Praetorem
705 809 777 890 lege
792 829 898 891 agere.
942 810 1034 874 Inter
1048 829 1185 875 sucrum
1201 815 1320 886 autern,
1338 821 1363 874 et

285 919 448 991 sunctum,
463 919 498 977 et
507 912 697 993 religiosum
708 910 910 976 differentiae
920 911 1103 975 bellissime
1111 912 1214 976 refert
1226 933 1235 976 :
1249 931 1363 976 sacrun

287 1013 474 1091 aedificium,
495 1017 725 1078 consecratum
753 1010 853 1076 Deo:
883 1019 1036 1076 sanctum
1056 1031 1200 1088 murum,
1216 1012 1306 1098 quod
1329 1011 1364 1075 uit

287 1117 413 1180 circum
434 1115 613 1199 oppidum:
636 1112 825 1195 religiosum
848 1113 1048 1196 sepulcrum,
1073 1115 1131 1177 ubi
1155 1122 1365 1178 mortuusee·

286 1217 412 1300 pullus,
427 1221 485 1280 unt
497 1216 653 1279 humatus
668 1213 722 1288 uit,
737 1212 820 1276 eatis
834 1219 985 1278 constare
1001 1213 1067 1278 ait:
1085 1213 1147 1294 scd
1161 1217 1213 1279 ita
1228 1216 1365 1297 portione
1461 1281 1462 1294 2

287 1317 444 1400 quadam,
458 1321 490 1380 et
511 1315 683 1397 temporib.
703 1313 822 1376 eadem
838 1313 941 1402 videri
956 1333 1078 1395 posse:
1101 1315 1275 1396 siquidem
1289 1313 1367 1398 quud
1461 1297 1462 1320 ¹

287 1433 419 1482 sacrum
435 1421 500 1495 est,
514 1416 604 1480 idem
620 1416 701 1498 lege,
716 1421 775 1479 aut
787 1415 939 1480 instituto
954 1415 1118 1496 majorum
1131 1423 1287 1480 sunctum
1300 1433 1367 1479 esse

287 1517 577 1599 peranteriorum
591 1516 624 1580 id
640 1518 712 1580 siue
728 1537 828 1600 poena
842 1537 908 1582 nou
924 1518 1052 1601 possit:
1076 1518 1164 1582 idem
1183 1519 1366 1600 religiosum

288 1637 422 1702 quoque
444 1637 529 1694 csse,
550 1618 610 1700 qui
635 1635 699 1681 nou
717 1619 825 1701 jum¹⁵
847 1618 892 1682 sit
916 1617 1053 1701 aliquid,
1075 1619 1167 1701 quod
1187 1619 1236 1682 ibi
1249 1617 1367 1682 bomini

286 1718 396 1784 facere
411 1735 476 1782 nou
491 1716 612 1798 liceat;
640 1717 731 1799 quod
746 1718 775 1781 si
789 1717 903 1794 saciat,
918 1717 1081 1784 adversus
1096 1720 1242 1784 Deorum
1260 1719 1368 1784 volum

288 1826 393 1884 tatem
402 1818 554 1884 rideatur
568 1817 697 1883 secero:
712 1818 864 1882 similiter
874 1818 915 1881 de
931 1837 1036 1890 muro,
1045 1825 1079 1886 et
1090 1821 1242 1903 sepulcro
1253 1819 1371 1882 debere

288 1917 470 1996 observari,
492 1923 529 1982 nt
549 1919 666 1982 eudem
688 1918 756 1997 [89]
779 1925 814 1983 et
835 1937 942 1994 sacru,
965 1925 1000 1984 et
1021 1929 1154 1996 sancta,
1168 1920 1369 2002 etreligioen

289 2020 383 2097 fiunt,
398 2019 459 2084 sod
474 2039 541 2103 quo
551 2017 577 2058 ¹⁶
597 2019 708 2096 modo,
732 2018 825 2105 quud
835 2026 860 2068 ¹⁷
882 2039 984 2103 supra
1005 2023 1200 2104 expositum
1220 2031 1285 2099 ent,
1299 2041 1372 2086 cum

290 2120 331 2184 de
344 2141 440 2186 sucro
454 2120 611 2186 diximus.
660 2119 806 2204 Repotia
820 2121 982 2204 postridie
994 2123 1132 2204 nuptias
1147 2123 1243 2206 apud
1257 2141 1371 2186 norum

290 2223 445 2287 maritum
467 2228 612 2300 cenatur,
632 2223 711 2305 quia
732 2223 831 2304 quusi
853 2223 1001 2288 refim‘tur
1017 2225 1158 2306 potatio.
1205 2223 1374 2288 Pacuvius

290 2323 324 2386 iu
340 2324 451 2388 Iliona
466 2343 475 2387 r
504 2322 559 2387 Ab
574 2343 616 2387 eo
631 2322 809 2406 depulsum
823 2341 968 2388 mamma
987 2322 1275 2406 paedagogandum
1289 2324 1375 2388 acci·

290 2424 340 2505 pit
354 2431 458 2507 appot
482 2472 490 2488 .
515 2472 523 2490 .
546 2425 624 2490 tulis
636 2424 661 2462 ¹⁸
677 2424 769 2489 libet.
811 2423 989 2506 Repagula
1003 2433 1091 2500 sunt,
1107 2432 1146 2488 ut
1163 2425 1303 2488 Verrius
1317 2426 1377 2500 ait,

290 2543 367 2606 quae
384 2525 606 2606 patefaciundi
620 2527 727 2608 gratia
739 2523 838 2609 (qua)
849 2533 875 2577 ¹⁹
890 2525 936 2590 ita
946 2525 1093 2607 figuntur,
1104 2531 1141 2590 ut
1152 2545 1199 2588 ex
1212 2525 1378 2590 conuarlu

291 2643 368 2706 quae
394 2634 637 2708 oppanguntur.
681 2626 797 2693 Cicero
827 2627 861 2690 iu
890 2626 1027 2692 Verrem
1050 2626 1108 2690 lib.
1134 2643 1211 2691 1111.
1257 2627 1381 2690 Pouten

291 2725 459 2789 convolsis
481 2727 662 2809 repagulis,
687 2726 865 2810 effractisq.
887 2727 995 2792 rolris
1014 2726 1161 2790 demoliri
1179 2727 1380 2808 sigramno

290 2828 412 2891 vectib.
426 2827 624 2892 labefactare
640 2835 820 2892 conantur:
840 2847 917 2910 quae
932 2825 1223 2910 patremmeum
1239 2847 1382 2910 repages

290 2928 477 3012 appellant.
521 2927 712 3014 Repudium
726 2927 866 2992 Verrius
881 2929 929 2992 ait
943 2929 1079 3003 dictum,
1093 2929 1183 3011 quod
1199 2929 1237 2994 fit
1253 2931 1300 2993 ub
1317 2949 1382 2992 rem

291 3029 489 3112 pudendam.
534 3030 680 3094 Acciusz
702 3029 867 3114 Repudio,
877 3029 983 3112 ejecta
997 3030 1040 3092 ab
1056 3030 1156 3108 Argis
1166 3030 1386 3113 jamdudum

292 3130 425 3194 eirsulo.
457 3129 643 3212 Repedare,
655 3129 818 3194 recedere.
850 3129 1042 3194 Pacuvius:
1059 3129 1202 3195 Paulum
1216 3131 1346 3195 recede
1360 3137 1387 3166 ²⁰

292 3236 389 3312 gnate
410 3230 609 3294 arestibulo
624 3231 773 3310 gradum.
817 3229 1033 3312 Repestiuari
1048 3249 1126 3310 ager
1147 3231 1179 3293 is
1197 3231 1338 3306 dicitur,
1352 3237 1391 3294 ut

293 3328 433 3394 Verrius
444 3331 624 3407 existimat,
637 3331 734 3415 cujus
746 3338 858 3396 netum
871 3339 880 3369 ¹
896 3338 1042 3395 mutatur
1052 3329 1223 3406 fodiendo,
1234 3351 1318 3395 curn
1328 3341 1393 3394 aut

294 3431 455 3510 sylvester
470 3449 512 3496 ex
528 3449 594 3514 quo
610 3431 767 3509 dicatur‚²
789 3437 845 3496 aut
866 3433 955 3513 lapis
977 3431 1120 3494 mollitur
1134 3430 1334 3524 frangendo,
1352 3441 1396 3495 ut

292 3531 352 3594 liat
373 3532 514 3613 pascui,³
537 3532 592 3596 vel
613 3534 787 3614 pecoribus
810 3532 923 3610 herba,
946 3532 1000 3596 vel
1022 3532 1212 3596 bominibus
1239 3536 1399 3600 satione.

294 3631 381 3697 Cato
402 3633 436 3694 iu
459 3645 511 3707 ea,
534 3651 634 3714 quum
657 3635 772 3698 scribit
792 3634 833 3698 de
854 3635 923 3697 suis
944 3634 1124 3697 virtutibus
1143 3643 1267 3698 contra
1282 3637 1401 3700 Ther-

294 3753 403 3798 mum:
433 3733 503 3814 Ego
519 3731 591 3816 jam
607 3753 627 3798 a
642 3735 806 3820 principio
820 3737 855 3800 iu
877 3736 1093 3818 parsimonia,
1110 3739 1181 3818 atq.
1197 3737 1233 3799 iu
1250 3737 1405 3816 duritia,

748 3927 924 3952 ”mnenon

328 4082 358 4126 lu
375 4075 578 4140 daupida-ll
595 4074 615 4125 f.
624 4083 702 4140 putul.
713 4083 811 4129 rut-15
827 4077 1041 4142 bremium-lb
1058 4077 1186 4129 fine-ll
1202 4079 1225 4129 s.
1235 4087 1407 4144 quoe-lsi

294 4141 488 4202 repellendo-19
504 4140 609 4204 ()·—8⁰
625 4139 644 4192 s.
654 4145 792 4206 νομῆι-1
810 4143 829 4194 f.
841 4147 983 4195 culm-²
995 4141 1013 4193 f.
1024 4144 1239 4196 examinum—⁸
1252 4146 1273 4198 l'.
1284 4165 1411 4212 μκιις
