2934 4864
540 405 815 456 unicornuum.
1129 397 1213 463 locu

134 543 221 608 visse
235 551 423 627 portantem
439 563 531 610 mam
547 565 658 610 mcum
673 556 805 630 neptem
822 547 946 613 Ascani
962 548 1064 614 filiam
1081 553 1214 617 nomine

133 643 299 724 Rhemum
329 665 437 730 eumq.
467 653 504 711 ut
536 646 635 710 ltalia
666 650 733 715 sint
761 647 906 732 Phryges
933 652 1043 734 politi,
1071 658 1104 716 et
1128 653 1178 718 his
1188 662 1214 704 ¹⁷

130 747 319 827 regionibus
337 749 497 826 menime,
521 769 598 832 qum
621 766 708 812 nunc
732 757 807 814 sunt
827 750 947 814 vicinae
967 753 1052 828 urbi,
1074 755 1179 836 prima
1189 753 1214 792 ¹⁸

126 848 280 912 munium
310 867 527 914 consecrasse
558 851 591 914 in
620 848 755 916 Palatio
787 851 879 916 Fidei
900 854 1069 936 templum,
1089 855 1122 916 in
1145 873 1213 936 quo

126 955 243 1012 monte
272 957 391 1032 postea
418 970 494 1014 cum
522 951 718 1015 conderetur
738 953 831 1028 urbs,
859 955 967 1018 visam
989 973 1066 1018 esse
1085 955 1214 1037 justam

132 1049 286 1114 vocabuli
302 1051 421 1116 Romae
437 1054 578 1118 nominis
593 1072 837 1131 consumerem,
852 1075 928 1140 quac
941 1057 1062 1139 priore,
1074 1056 1161 1120 unda
1176 1077 1216 1120 ca

128 1148 242 1214 iocum
265 1149 490 1219 dedicavisset
508 1155 616 1220 Fidei.
658 1154 719 1219 Ait
742 1155 873 1237 quidem
898 1156 1097 1238 Agutlrocles
1126 1177 1216 1222 com·

131 1251 241 1332 plures
263 1271 337 1316 csse
361 1260 526 1331 auctores,
550 1257 608 1338 qui
628 1257 741 1320 dicant
761 1257 891 1320 AEuean
909 1256 1070 1340 sepultum
1087 1258 1121 1320 in
1136 1261 1216 1321 urbe

132 1349 351 1434 Berecynthia
366 1355 518 1437 proxime
532 1356 654 1420 flumen
674 1356 798 1433 Nolon,
819 1363 886 1439 atq.
911 1376 955 1420 ex
973 1357 1044 1440 ejus
1060 1359 1215 1440 progenie

131 1451 294 1534 quendam
316 1455 448 1520 nomine
478 1457 644 1521 Rhemum
668 1458 803 1522 venisse
825 1457 859 1519 in
882 1457 1030 1536 Italiam,
1053 1467 1088 1522 et
1103 1460 1216 1522 urbem

133 1551 299 1618 Butriumu
324 1558 534 1636 nominatam,
564 1558 777 1636 condidisse;
808 1559 959 1623 Celtiuus
972 1567 997 1610 ¹⁹
1021 1556 1216 1640 Agathoclis

129 1655 239 1720 stolii
252 1657 309 1740 qui
323 1675 377 1721 res
391 1665 503 1739 gestas
525 1661 737 1737 conscribsit,
757 1659 932 1724 arbitratur
948 1679 968 1722 e
983 1677 1082 1722 manu
1095 1659 1218 1742 Troja-

130 1774 248 1821 norum
271 1759 451 1840 lugentium
475 1761 539 1826 Illo
557 1759 669 1844 capto,
687 1761 819 1826 cuidam
836 1760 939 1826 fuisse
952 1777 1067 1824 nomen
1084 1760 1216 1836 Latino,

124 1877 245 1941 eumq.
274 1859 432 1924 habuisse
461 1861 633 1945 conjugem
663 1860 839 1938 Rhemum,
863 1881 884 1926 a
912 1881 978 1944 qno
998 1868 1034 1924 ut
1056 1861 1155 1926 Italia
1173 1861 1218 1926 sit

126 1961 276 2043 potitus,
312 1963 426 2026 urbem
467 1963 664 2040 condiderit,
694 1983 793 2046 quam
823 1962 965 2027 Romam
987 1962 1217 2046 appellavisse.

127 2061 291 2139 ¹Lembos,
306 2065 364 2145 qui
386 2065 577 2149 appellatur
596 2063 808 2141 Heraclides,
826 2064 1009 2140 existimat,
1027 2064 1217 2127 revertenti·

129 2163 195 2226 hus
209 2165 252 2229 ab
268 2163 333 2229 llio
346 2163 499 2244 Achivis,
516 2164 678 2248 quendam
688 2171 715 2202 ²⁰
732 2167 928 2248 tempestate
943 2164 1090 2246 dejectos
1105 2165 1138 2227 in
1149 2164 1217 2228 lta·

129 2263 189 2329 lim
205 2265 354 2347 regiones
366 2275 502 2332 secutos
517 2266 650 2332 Tiberis
662 2265 837 2332 decursum
849 2266 1049 2348 pervenisse,
1061 2265 1119 2328 ubi
1129 2284 1217 2328 nnnc

131 2367 179 2430 sit
207 2365 328 2448 Roma,
357 2372 439 2454 ihiq.
470 2377 605 2455 propter
632 2370 767 2436 taedinm
796 2369 1030 2451 navigationis,
1058 2367 1217 2448 impulsas

126 2469 285 2552 captivas
299 2473 496 2536 auctoritate
513 2471 646 2554 virginis
664 2471 840 2556 cujusdam
860 2471 1067 2552 tempestivae
1086 2469 1218 2532 nomine

129 2567 296 2648 Rheunos,
318 2573 503 2637 incendisse
529 2573 684 2650 classem,
712 2583 814 2656 atque
835 2573 878 2637 ab
895 2589 937 2636 ea
952 2571 1150 2636 necessitate
1169 2570 1219 2633 ihi

127 2672 289 2735 manendi
312 2675 424 2739 urbem
447 2675 617 2740 conditam
642 2675 685 2739 ab
708 2675 774 2752 his,
798 2682 831 2738 et
848 2673 1052 2758 potissimum
1068 2671 1142 2754 ejus
1159 2689 1220 2735 no·

128 2771 223 2835 mine
236 2792 310 2838 eam
323 2775 538 2859 appellatam,
554 2795 576 2841 a
590 2776 687 2860 cujus
702 2775 842 2840 consilio
856 2793 916 2838 eas
925 2774 1022 2838 sedes
1033 2774 1098 2837 sibi
1109 2771 1220 2836 firma·

132 2871 274 2937 vissent.
318 2875 449 2941 Galitas
464 2877 590 2951 scribit,
602 2896 678 2940 cum
693 2883 771 2959 post
779 2877 906 2940 obitum
919 2875 1036 2938 AEoem
1049 2875 1219 2956 imperium

129 2971 246 3039 Italion
271 2979 474 3058 pervenisset
496 2978 539 3042 ad
558 2979 712 3042 Latinum
733 2977 922 3042 Telemachi
940 2974 1088 3056 circesq.
1102 2975 1219 3052 filium,

128 3077 232 3160 hisq.¹
262 3098 307 3144 ex
327 3079 436 3146 Reum
458 3082 659 3163 suscepisset
683 3080 782 3159 filios,
812 3080 971 3156 Remum,
998 3077 1215 3164 Romulumq.

129 3178 208 3242 orbi
219 3182 361 3246 conditas
376 3183 411 3246 in
433 3181 568 3248 Palatio
589 3201 726 3247 causam
741 3183 845 3246 luisse
860 3179 1069 3266 appellandas
1085 3180 1220 3264 potissi-

128 3299 227 3345 mum
244 3283 315 3364 [78]
341 3282 494 3351 Rhomas.
537 3281 663 3346 Diocles
687 3281 890 3366 Pepercllius
912 3281 958 3344 ait
985 3279 1079 3343 Iliam
1108 3276 1220 3341 Numi-

127 3383 217 3445 toris
226 3381 347 3447 Albnm'
361 3385 440 3470 regis
445 3383 563 3464 filium,
575 3383 717 3470 gemellos
731 3383 868 3460 edidisse,
883 3403 956 3466 quos
975 3383 1008 3446 in
1023 3383 1085 3444 imo
1105 3377 1220 3444 Tiberis

128 3479 207 3564 ripa
222 3505 241 3546 a
258 3481 419 3564 Faustulo,
432 3485 517 3571 regio
529 3484 678 3563 mirristro,
694 3481 1068 3567 expositos,justaflcum
1084 3478 1222 3564 appella·
1278 3557 1280 3562 ,

169 3811 199 3856 ιτ
218 3805 350 3860 rso-rs
366 3809 385 3860 r.
396 3813 571 3876 pram-m
587 3813 607 3864 s.
622 3813 783 3864 caum-eo
799 3811 818 3860 r.
830 3813 993 3874 quum-r
1010 3807 1030 3858 f.
1041 3810 1084 3871 oq.

625 3977 730 4028 NOTAE

166 4083 177 4107 ⁸
197 4073 309 4136 limaces]
326 4071 622 4123 Videndusl’lntnrohua
634 4073 661 4122 ln
699 4085 748 4120 mn
766 4067 901 4128 roccholo,
921 4065 1047 4130 Romuliq.
1064 4065 1223 4115 incunabulis

128 4151 256 4210 Romulo,
267 4149 293 4197 lu
309 4148 381 4211 cujus
391 4148 444 4198 vitu
462 4151 525 4197 citat
542 4149 660 4199 Dioclem
699 4145 876 4206 historicos:
887 4143 976 4191 iisdem
989 4153 1069 4202 prope
1080 4141 1223 4206 scriptorib.

127 4223 331 4292 Peparethum,
342 4229 371 4273 et
386 4227 468 4274 totum
481 4223 548 4274 hanc
563 4222 596 4274 de
612 4224 661 4275 Rc-
702 4220 773 4288 quib.
787 4220 878 4270 Festus
890 4222 1116 4278 conseruissent.
