2934 4864
259 373 344 438 1100
583 383 693 433 snxm
719 381 872 432 rourum
897 379 998 428 ruem

261 539 323 591 tam
332 535 439 610 postea
454 545 474 587 a
491 523 633 590 Mmulo
651 521 859 600 Ruminalem,
874 523 917 585 sic
926 522 1067 606 jacentes
1082 519 1191 603 lupam
1208 520 1342 598 lacteus,

257 637 285 688 et
302 625 407 709 picum
424 623 578 686 Martium
593 624 741 686 nutrisse:
760 631 832 705 post
856 630 997 706 repertos
1017 619 1133 684 Accam
1153 617 1346 700 Larentiam,

258 723 400 790 Faustuli
410 747 544 803 uxorem,
560 725 717 789 educasse:
734 723 874 807 plerique
888 733 1000 799 tamen,
1015 723 1145 798 cereseio,
1157 733 1185 784 et
1201 721 1345 787 alimenta

251 826 407 910 prebente
423 826 603 905 Numitore,
620 825 752 889 nutritos
766 824 865 900 aiunt,
880 823 963 910 quod
982 821 1045 886 Ilia
1060 845 1097 886 ea
1113 821 1228 886 Marte
1245 845 1275 886 se
1289 846 1345 908 pe-

257 929 373 1011 perisse
383 950 429 992 eos
442 927 643 1006 asseverabat,
667 949 703 990 ac
724 937 835 990 secreta
859 925 969 1004 literis,
993 926 1074 988 omni
1092 925 1203 1010 deniq.
1228 923 1346 988 liberali

257 1029 416 1114 disciplina
443 1028 554 1094 Gabiis
578 1029 731 1094 institutos
757 1036 827 1112 atq.
851 1027 983 1092 excultos
996 1024 1121 1112 fuisse:
1143 1037 1242 1112 atque
1257 1026 1302 1090 ita
1315 1028 1344 1090 iu

257 1131 373 1194 musicis
383 1131 523 1214 primam
544 1129 710 1214 pueritiam
734 1129 916 1206 traduxisse,
940 1149 1007 1192 cum
1029 1127 1111 1190 iuter
1124 1127 1261 1213 aepuales
1279 1149 1344 1193 om·

257 1251 317 1296 nes
332 1241 509 1315 prestarent
523 1230 656 1316 corporis
665 1231 862 1314 proceritate,
875 1241 904 1294 et
918 1229 1042 1316 formu,
1062 1231 1259 1308 nominatos,
1273 1229 1344 1292 alte

256 1353 325 1396 rum
343 1330 519 1411 Romulum,
530 1329 662 1396 Remum
685 1328 827 1394 alterum.
872 1327 936 1394 Eas
954 1328 1009 1392 ubi
1022 1350 1059 1392 eu
1072 1349 1263 1412 compressu
1280 1329 1342 1394 llia

255 1444 344 1496 notos
371 1455 401 1496 se
423 1434 625 1518 cognoverint,
648 1443 677 1496 et
700 1431 782 1516 quod
801 1433 968 1516 repositos
991 1434 1023 1495 in
1040 1430 1110 1512 ripa
1130 1428 1254 1494 Tiberis
1272 1429 1341 1516 lupa

255 1533 425 1612 lactaverit,
436 1533 573 1618 prebens
586 1553 725 1609 rumam,
736 1539 843 1597 monto
855 1531 954 1595 uicina
965 1528 1152 1608 descendens,
1162 1543 1192 1594 et
1206 1531 1292 1615 quod
1299 1554 1342 1595 re·

249 1635 367 1718 pertin
384 1633 531 1698 Faustulo
556 1643 634 1698 sunt
655 1633 802 1711 educati,
825 1629 1007 1718 Romulusq.
1030 1643 1058 1694 et
1084 1630 1204 1696 Remus
1224 1657 1244 1696 a
1258 1657 1343 1698 ruma

254 1737 408 1800 nominati
433 1734 645 1818 potissimum:
669 1744 817 1818 praterea
841 1755 900 1818 quo
919 1745 1013 1816 patre
1037 1741 1152 1799 essent
1176 1737 1338 1818 procreati

254 1834 468 1916 intellexerint,
482 1833 644 1900 Numitori
657 1857 715 1899 aaa
726 1835 862 1918 primum
877 1836 1063 1900 restituisse
1078 1855 1219 1917 regnum,
1233 1835 1338 1900 deinde

255 1935 292 2001 de
305 1935 380 2000 urbe
393 1935 546 2000 condenda
561 1957 622 2021 per
642 1937 778 2019 auguria
798 1935 987 2014 decreuisse,
1013 1948 1082 2000 uter
1105 1958 1175 2000 enen
1196 1937 1340 2014 conderet,

215 2093 222 2106 .
255 2038 464 2123 nominaretq.
480 2059 521 2105 ue
548 2041 697 2104 Deorum
723 2036 887 2125 nranffesta
911 2038 1143 2123 approbatione,
1166 2037 1342 2105 Romulum

254 2139 365 2204 urbem
380 2139 565 2219 condidisse,
579 2161 678 2225 eumq.
690 2140 858 2204 nominasse
869 2137 1001 2204 Romam
1018 2143 1143 2225 potius,
1156 2161 1260 2224 quam
1275 2142 1341 2207 Ru

254 2239 373 2304 mulam
403 2241 515 2306 desua
543 2241 671 2319 nomine,
699 2251 736 2304 ut
762 2239 911 2326 ampliore
933 2243 1089 2308 vocabuli
1117 2243 1340 2324 significatione
1452 2239 1453 2244 ’

248 2345 445 2426 prosperiora
462 2343 575 2427 patria
598 2365 668 2409 suaa
689 2344 921 2408 omninaretur.
966 2342 1099 2408 Romam
1114 2353 1211 2408 antea
1229 2342 1340 2408 Romu·
1452 2335 1453 2370 ³

254 2442 340 2506 luur‘
362 2444 554 2527 reppellatam
579 2446 758 2512 Terentius
772 2447 907 2530 quidem
929 2443 1027 2508 Varro
1038 2443 1143 2528 suisse
1159 2446 1209 2508 ait
1225 2445 1264 2508 ab
1277 2443 1336 2508 Ra-
1452 2495 1453 2514 ἶ

254 2541 355 2613 mulos
371 2545 491 2609 deinde
501 2547 663 2612 detortam
676 2547 831 2624 vocalem,
840 2546 1000 2633 detritasq.
1010 2546 1115 2610 literas
1119 2544 1228 2631 foisse
1239 2547 1340 2611 credi-
1452 2557 1453 2560 ’

252 2647 335 2710 biles
351 2653 490 2710 ceterum
505 2667 632 2711 causam
647 2649 713 2733 ep‘ns
736 2647 950 2732 appellationis
964 2648 1123 2711 invenisse
1138 2649 1188 2712 ait
1203 2649 1339 2712 Verrius
1452 2723 1453 2740 χ

251 2746 377 2810 uetitum
393 2767 452 2810 esse
470 2745 637 2831 publicari.
682 2751 872 2816 Romanam
886 2757 1036 2834 postumi
1060 2756 1157 2814 antea
1178 2746 1339 2812 Romulum
1452 2747 1453 2750 ’

251 2847 423 2914 uocitatum
438 2850 553 2927 lerunt,
571 2870 647 2934 quae
668 2850 768 2915 luerit
789 2849 829 2913 ab
845 2848 946 2914 Romu
963 2847 1132 2934 appellata.
1187 2849 1261 2932 [79]
1278 2848 1341 2913 Ro-

251 2948 378 3012 muliam
395 2946 523 3012 Tribum
536 2949 724 3033 appellatum
740 2949 786 3012 ait
801 2947 973 3033 Dionysius
989 2948 1029 3012 ab
1048 2946 1197 3027 Romulo,
1214 2951 1342 3033 quadiu

251 3071 328 3134 agra
343 3050 383 3113 ab
397 3071 431 3112 eo
450 3061 544 3134 capto
558 3049 595 3116 de
613 3049 790 3116 Veientibus
808 3051 943 3136 pupulis,
959 3071 995 3113 ea
1013 3049 1123 3114 Tribus
1144 3051 1343 3116 ceresebntur.
1452 3040 1453 3090 ³

254 3149 413 3216 Terentius
432 3149 529 3216 Varro
539 3151 652 3218 dictam
664 3154 720 3231 ait,
729 3153 812 3240 quod
820 3155 970 3238 proxima
984 3149 1090 3216 Roma
1101 3163 1175 3215 esset
1232 3201 1241 3217 .
1335 3201 1341 3216 .

542 3300 550 3319 .
651 3275 727 3340 quae
824 3303 831 3318 .
919 3304 927 3320 .
1015 3299 1022 3315 .
1112 3301 1121 3318 .
1211 3255 1343 3322 midam

248 3433 251 3441 Ι
539 3402 546 3419 .
632 3377 674 3440 ep
729 3403 737 3419 .
825 3406 833 3423 .
921 3405 929 3420 .
1017 3401 1026 3419 .
1119 3379 1221 3436 ruma,
1238 3358 1343 3439 idest,

250 3473 394 3520 mamma
439 3502 832 3523 .....
919 3459 1141 3543 Capitolio.
1234 3507 1241 3522 .
1333 3507 1341 3524 .

736 3635 842 3686 NOTAE

281 3751 293 3774 ι
311 3741 409 3789 Ruinam
428 3747 498 3791 antea
517 3743 652 3808 Romulum]
671 3745 772 3795 Solinus
811 3747 942 3796 Valerium
955 3747 1041 3812 deniq.
1052 3748 1185 3810 Soranum,
1197 3748 1270 3812 quod
1283 3763 1347 3798 eon·

248 3832 306 3882 esp.
328 3821 350 3865 l.
375 3818 518 3868 ‘'l'rnditur
542 3821 619 3870 etiarn
642 3821 772 3885 proprium
810 3829 851 3871 tra
862 3823 1026 3872 interdictum
1038 3824 1125 3888 eloqui
1136 3825 1162 3873 id
1173 3839 1250 3873 nessus
1264 3825 1350 3886 soret,

248 3896 337 3944 Romoe
355 3911 458 3959 nomen,
472 3906 646 3947 verunrtnmen
663 3899 771 3949 vetitum
808 3899 841 3949 ob
859 3901 978 3950 meritum
999 3899 1116 3965 prasium
1132 3901 1204 3952 rosis
1219 3904 1283 3952 aeci
1302 3903 1347 3952 ds·

248 3971 384 4034 pssblirsri,
406 3973 612 4038 quandoquidem
638 3975 771 4038 quominus
810 3974 882 4024 turm-³

247 4046 436 4110 annunciaretar,
451 4049 653 4098 cerimoniarum
678 4063 772 4098 arcuna
840 4051 999 4101 sacuam
1016 4051 1122 4114 meru]
1138 4053 1223 4102 Varro
1242 4053 1295 4104 lib.
1308 4067 1350 4104 rs.

248 4128 433 4183 sinuessanus
442 4123 489 4172 troc
499 4133 576 4186 preto
588 4125 703 4174 nodutum
715 4125 771 4188 ejus
809 4126 842 4176 de
853 4127 927 4191 [sing.
940 4129 997 4176 Lat.
1015 4127 1023 4155 ‘
1034 4128 1261 4192 uommutupou·
1270 4129 1352 4182 diest

249 4194 365 4244 aboleret
375 4195 440 4246 fides
457 4199 559 4260 placite
577 4201 771 4252 taciturnitatis.
808 4208 848 4252 ert
860 4202 893 4252 ab
905 4201 1005 4266 Romr,'
1016 4204 1066 4254 icc.
