2934 4864
488 375 763 426 resonuerunt.
1083 365 1169 432 1149

85 518 210 598 lictum,
225 520 318 606 qnod
334 519 485 603 proxime
497 515 540 582 acl
553 517 786 596 similitudinem
803 539 935 604 squama
952 519 1099 605 piscium
1113 542 1169 590 eu·

85 623 179 699 cedit,
206 621 288 706 utiq.
312 642 426 698 eumne,
449 619 559 706 quiin
580 618 851 705 profunditatibus
874 619 978 686 abditi
1010 622 1168 707 paludum

84 721 239 807 squallent
260 722 401 786 manime.
451 719 537 786 Unde
559 718 680 786 Ennius
702 723 736 786 in
752 722 922 806 Telepho:
946 721 1057 800 Quam
1073 723 1171 789 vesli-

85 833 131 886 tns
143 822 285 910 aeolida
304 833 412 908 septus
434 824 533 889 stola.
578 824 785 909 squarrosos
800 823 840 886 ab
855 821 958 887 eadem
972 845 1170 909 squamarum

79 923 207 1008 piscium
223 925 439 990 similitudine
454 925 504 990 ait
517 925 630 1001 dicias,
645 946 777 1009 quorum
792 923 870 988 cutis
880 932 1037 1008 ¹exsurgat
1050 925 1093 991 eb
1110 925 1170 990 ad-

83 1027 208 1092 siduam
232 1025 391 1092 inluuiem.
436 1024 598 1090 Lucilius:
626 1024 786 1092 Varenum
809 1045 850 1090 ae
875 1027 1029 1109 rupicum
1056 1047 1172 1114 squar·

83 1149 160 1206 rosa,
174 1125 330 1192 incondita
345 1133 464 1193 rostra.
496 1127 730 1192 Schoenionlas
740 1125 754 1163 '³
765 1125 928 1211 appellare
941 1126 1065 1192 udatur
1075 1150 1171 1193 mere·

83 1229 219 1294 trieulas
233 1228 378 1294 Plautus
401 1237 537 1312 propter
559 1247 656 1293 nsum
678 1229 831 1313 unguenti
857 1225 990 1300 sclneni:¹
1007 1230 1097 1315 quod
1118 1238 1171 1297 est

82 1331 221 1414 pessimi
246 1331 391 1414 generis:
416 1330 498 1414 itaq.
519 1327 611 1407 dixit,
637 1329 732 1412 [lea]
760 1327 944 1395 Diabolum
972 1329 1170 1411 scioenioula,

82 1431 256 1510 miracula,
278 1450 356 1498 enm
379 1430 510 1496 extritis
530 1429 614 1508 talis,
635 1451 701 1494 earn
723 1429 842 1498 todellis
857 1431 1010 1497 crusculis.
1043 1433 1169 1508 tuem:

82 1531 248 1598 Praeedas
259 1533 421 1616 pistorum
434 1528 558 1609 amicos,
568 1529 715 1616 reliquias
725 1530 892 1596 halicarias
907 1535 1047 1600 miseras
1063 1525 1172 1602 schae-

82 1653 126 1698 no
138 1630 309 1703 dilibutas,-
329 1629 526 1706 seroilieolas,
540 1630 695 1697 sordidae.
727 1633 869 1699 Scorta⁰
884 1633 1095 1719 appellantur
1109 1658 1171 1700 ute·

80 1733 202 1797 restim
212 1752 250 1796 es
264 1731 491 1798 eanmundine
506 1734 703 1798 rusticorum
715 1733 780 1818 qai,
802 1744 895 1798 otest
910 1734 996 1819 apud
1010 1734 1172 1801 Atellanos

81 1835 248 1919 antiquw,
274 1834 431 1901 solebant
456 1831 567 1910 dicere,
593 1854 623 1896 se
648 1833 787 1898 attulisse
807 1857 869 1920 pro
890 1847 988 1900 scorto
1012 1837 1173 1902 delicula-

79 1943 203 2000 ιιιιιιιΙΙ
227 1936 339 2002 omnia
352 1954 456 2018 namq.
479 1953 516 1996 ee
532 1932 667 2017 pellibus
681 1934 790 2021 facta,
813 1946 928 2000 scortea
949 1939 1170 2022 appellantur.

82 2034 212 2118 Scartes,
233 2035 268 2098 iel
288 2045 343 2113 est,
359 2033 455 2119 pelles
475 2035 597 2099 testium
616 2037 831 2103 arietewrum
853 2040 896 2102 ab
914 2038 1034 2103 iisdem
1050 2039 1172 2104 scorteis

75 2135 183 2221 pellib.
197 2135 276 2201 idem
294 2135 420 2202 Verrius
439 2135 536 2202 dietas
558 2159 618 2202 esse
640 2136 697 2202 ait.
741 2137 947 2206 Seandnlaca
959 2160 1057 2224 genus
1073 2139 1172 2206 nerea

69 2237 224 2325 frugibus
249 2239 405 2318 inimices,
429 2239 519 2322 qnod
539 2259 598 2304 eas
620 2238 703 2303 uelat
726 2237 838 2306 ledere
860 2237 1043 2323 implicando
1067 2248 1172 2308 necat.

79 2339 311 2424 Scaptensula,
328 2339 408 2430 locus
427 2337 483 2402 aei
496 2350 658 2426 argentum
681 2337 825 2422 effoditur
842 2343 877 2404 in
894 2339 1108 2419 Macedonia,
1125 2341 1171 2404 itu

79 2439 179 2504 dictus
208 2463 227 2505 a
250 2439 416 2528 fodiendo,
444 2441 536 2524 quod
564 2447 618 2504 est
645 2440 765 2508 Graece
794 2440 941 2505 σκάπτειν.
987 2439 1172 2506 Lucretius.-

83 2539 210 2609 Quales
223 2543 354 2627 expiret
368 2538 602 2626 Scaptensula
617 2541 723 2606 subter
737 2542 852 2608 olores.
894 2541 996 2628 Spara
1012 2545 1173 2626 parvissi-

78 2643 124 2706 mi
136 2643 256 2729 generis
267 2643 392 2728 jacula,
406 2642 447 2707 al
460 2665 494 2708 eo
508 2640 593 2730 qued
604 2653 809 2730 spargantur,
821 2645 922 2712 diota.
958 2643 1098 2709 Lucilius
1113 2643 1173 2707 Sa·

536 2867 715 2892 ”ONONMO

113 3008 145 3056 18
162 3003 182 3055 s.
196 3001 336 3069 ulienhrn.

570 3159 680 3216 NOTAE

73 3296 102 3344 in
126 3294 286 3357 serpentinus
306 3295 442 3359 pisciumq.
463 3295 541 3344 enslin
569 3296 606 3345 ri·
647 3309 680 3344 er
692 3295 762 3344 corio
773 3300 802 3344 st
818 3293 907 3359 pellib.
919 3299 979 3344 suut
993 3292 1074 3344 incia.
1107 3291 1173 3342 iude

72 3369 191 3419 suatur.'
223 3369 288 3422 Qua
300 3383 347 3419 nos
363 3371 406 3420 luis
418 3370 608 3434 supplevimus,
647 3369 673 3418 iu
684 3369 783 3435 aliquot
799 3370 880 3420 ιιιιίι
891 3375 919 3419 st
930 3369 1030 3419 sacellis
1047 3369 1174 3431 scriptum

72 3445 95 3492 nl
119 3443 206 3494 minus
224 3443 311 3505 rerba,
329 3445 402 3494 Festi
420 3451 492 3494 certe
504 3452 606 3496 senteu-
648 3444 904 3508 esbernuszNequid
915 3443 1173 3493 scortenmsdlnibes·

73 3519 155 3580 tiam,
168 3527 369 3582 representem.
647 3525 690 3569 tur
700 3519 770 3580 ideo,
781 3532 814 3568 ns
827 3519 989 3568 morticinum
1006 3517 1068 3582 quiid
1086 3517 1171 3567 adelti

106 3595 122 3629 δ
141 3593 313 3656 ananam]
328 3592 396 3643 vids
404 3591 515 3656 snprslu
526 3592 534 3621 ‘
544 3593 608 3643 Pro·
646 3593 673 3643 ln
685 3593 813 3644 Atellanis
824 3594 887 3644 licet
901 3593 1106 3643 animadvertere
1117 3606 1173 3642 ros·

69 3668 176 3721 aedan:
646 3669 713 3719 ticos
724 3667 813 3718 disere
830 3682 857 3718 sa
875 3667 1013 3718 adduxisse
1029 3682 1076 3732 pro
1087 3675 1173 3718 scorta

106 3754 120 3780 ⁸
138 3746 240 3811 Scala]
259 3744 344 3808 liujus
358 3745 408 3794 loci
423 3743 552 3794 restitutio
564 3744 609 3794 de·
648 3742 812 3806 punierunt
846 3743 886 3793 Ex
901 3744 940 3792 luis
958 3741 1173 3802 verbismauiles·

65 3823 157 3873 betur
178 3821 218 3871 Μ.
235 3820 354 3880 Varroni
375 3821 419 3886 qni
440 3819 485 3867 lib.
504 3829 555 3866 ιιι.
576 3817 608 3867 de
648 3829 702 3870 tum
724 3828 773 3883 est,
796 3834 843 3884 pro
868 3819 1030 3880 aermnae,
1051 3825 1174 3882 corrupto

67 3899 155 3962 Ling.
165 3898 225 3948 tas.
235 3896 382 3958 ‘Susurri'
394 3894 501 3960 iuqnlt‚‘
509 3900 552 3944 ent
562 3908 608 3944 st·
648 3896 737 3960 uerbo,
748 3895 910 3945 scribendum
922 3909 977 3943 esse
987 3895 1129 3956 pelllenlasn.

65 3976 134 4040 plns
146 3973 457 4046 meretriculam-docere,
469 3983 527 4035 quae
539 3983 608 4019 scor·
678 3972 691 4007 ⁴¹
708 3969 874 4035 Scaptensula]
889 3969 988 4026 &areli
1005 3967 1051 4026 lun
1063 3968 1173 4023 Granis.

65 4058 131 4100 tum
153 4049 229 4100 dicta
244 4062 260 4098 ι
277 4049 354 4112 pelle.
382 4047 414 4097 ld
427 4047 494 4096 enirn
505 4058 557 4093 uon
566 4059 607 4094 sa·
648 4049 674 4097 ln
687 4043 908 4111 qunThucydlcles
918 4043 1048 4094 historiam
1059 4043 1173 4109 scripsit,

59 4129 126 4178 lum
152 4125 255 4192 antiqui
275 4125 399 4176 dicebant
420 4131 541 4178 mortum,
562 4121 606 4172 secl
647 4135 704 4174 cunr
717 4120 891 4172 ibisrulsret.

61 4203 239 4253 etiamnunc
257 4199 366 4252 dicimus
382 4207 483 4250 scortes
498 4212 537 4253 cr.
550 4211 606 4263 quse
