2934 4864
443 427 447 442 ·
511 425 786 477 rerumrerum.
1104 411 1189 482 1139

63 563 66 570 ’
104 569 185 654 quod
199 574 296 634 erant
310 569 382 654 pari
392 569 468 653 jure
484 587 562 634 cum
581 571 706 653 populo
722 565 765 634 tt.
781 577 847 654 atq.
863 571 989 638 hostire
1003 575 1189 657 ponebatur

104 687 159 754 pro
175 687 320 754 requaro.
363 671 507 736 Plautus
527 673 560 735 in
583 672 802 738 Curculione:
829 673 866 738 Si
889 679 995 738 status
1013 674 1188 742 condictus

103 789 173 836 cnm
187 774 284 838 lroste
300 773 473 838 intercedit
487 773 571 851 dies,
585 780 692 838 tamen
708 782 761 838 est
772 775 928 852 eundum,
943 794 1012 859 quo
1027 776 1188 860 imperant

102 875 243 956 ingratis.
287 875 447 956 Stagnum
473 875 609 958 quidem
639 874 705 940 dici
724 883 853 958 putent,
876 877 967 960 quod
989 879 1022 940 iu
1043 896 1084 940 eo
1098 895 1188 961 aqua

102 983 260 1059 perpetuo
276 982 362 1041 stet:
377 975 449 1052 alii,
470 976 560 1061 quod
576 977 607 1040 is
621 975 719 1041 locus
735 976 1039 1052 attrectaverat
1055 978 1187 1058 dicitur,

102 1078 178 1160 quia
192 1079 276 1140 bene
291 1077 458 1144 contiueat
470 1095 603 1160 uquam.
648 1075 795 1157 Sature,‘
814 1085 847 1142 et
862 1079 928 1142 cibi
949 1099 1054 1162 genus
1070 1099 1113 1144 ex
1130 1101 1187 1146 va·

100 1181 157 1242 riis
181 1180 282 1244 rebus
306 1178 475 1246 conditum
498 1185 560 1258 est,
586 1186 620 1244 et
643 1180 745 1245 lentis
769 1175 859 1245 alis⁹
880 1181 1006 1264 legibus
1020 1183 1188 1249 conterat

100 1282 211 1364 itaque
226 1283 260 1346 iu
280 1281 452 1346 sanctione
474 1281 581 1363 legum
604 1281 818 1347 adscribitur:
845 1281 942 1348 Neve
958 1301 1018 1366 per
1033 1285 1188 1350 Saturam

99 1383 266 1464 abrogato,
279 1388 339 1446 aut
351 1382 520 1466 derogato.
562 1381 601 1447 Τ.
621 1383 751 1447 Annius
767 1383 898 1449 Luscus
912 1385 945 1448 iu
962 1403 1014 1463 ea,
1028 1384 1189 1471 (quam)¹⁰

99 1499 197 1566 quarn
210 1483 297 1548 dixit
319 1483 478 1550 adversus
500 1485 554 1550 Ti.
576 1484 786 1550 Gracchum:
811 1483 989 1570 Imperium
1003 1486 1094 1570 qnod
1116 1487 1188 1570 ple-

98 1585 160 1648 bes
175 1603 235 1668 per
245 1586 398 1651 Saturum
411 1587 560 1665 dederat,
571 1588 606 1651 id
621 1588 814 1668 abrogatum
827 1590 900 1651 est:
916 1595 950 1650 et
964 1585 1002 1650 c.
1020 1588 1145 1653 Laelius
1154 1589 1187 1652 iu
1263 1569 1267 1578 “

98 1705 151 1764 ea,
164 1683 262 1769 quam
279 1705 340 1770 pro
355 1705 393 1750 so
408 1687 513 1751 dixit:
539 1686 626 1752 Dein
647 1693 785 1770 postero
803 1686 869 1763 die,
885 1687 983 1769 quasi
1005 1706 1064 1770 per
1086 1679 1187 1753 Satu-

96 1807 166 1851 ram
181 1787 274 1870 [iae]
287 1787 457 1853 sententiis
469 1789 647 1872 exquisitis
658 1789 692 1851 iu
705 1787 905 1853 deditionem
915 1787 1088 1872 accipitur.
1110 1789 1189 1854 Sta·

97 1898 141 1954 tre
172 1887 292 1954 Mettis
320 1890 531 1955 simulacrum
561 1891 595 1954 iu
624 1888 713 1954 Foro
739 1888 922 1966 colebatur,
947 1897 1126 1973 postquam
1151 1892 1187 1955 id

96 1991 340 2062 collustravit,¹¹
355 2009 397 2056 ne
410 1992 628 2076 lapidosique
642 1996 941 2073 corrumperentur,
954 1990 1012 2072 qni
1027 1989 1187 2073 plurimus

94 2092 145 2156 ibi
166 2093 267 2158 tiebat
288 2097 449 2157 uoctumo
475 2099 637 2176 tempore,
662 2111 783 2173 magua
803 2108 881 2173 pars
904 2091 1021 2173 popuii
1047 2092 1082 2154 iu
1105 2111 1187 2156 suos

94 2195 190 2276 quiq.
219 2194 315 2259 vicos
340 2194 538 2259 rettulerunt
566 2195 640 2278 ejus
671 2195 754 2258 Deae
784 2192 921 2256 cultum.
965 2191 1187 2273 Stalagmium

91 2309 198 2376 genus
213 2295 377 2360 inaurium
393 2294 520 2358 videtur
534 2294 719 2375 significare
740 2291 901 2357 Caecilius
918 2294 952 2356 iu
966 2292 1099 2370 Carine,
1110 2309 1187 2357 curn

94 2397 161 2460 ait:
184 2394 270 2460 Tum
287 2415 330 2460 ex
350 2413 430 2460 eure
445 2395 520 2480 ejus
535 2396 744 2477 stalagmium
758 2395 849 2458 domi
864 2395 982 2458 babeo.
1026 2391 1187 2473 Stolidus,

93 2498 231 2562 stultus.
246 2497 374 2562 Ennius
388 2498 413 2562 l.
428 2513 451 2562 r.
490 2497 520 2560 N
525 2515 579 2561 am
589 2496 666 2561 vide
678 2513 825 2580 pugnare
835 2515 912 2560 sues
925 2493 1040 2560 stolidi
1051 2495 1150 2560 solidi
1160 2503 1187 2535 ¹²

93 2605 191 2664 suut:
219 2607 252 2662 et
272 2599 305 2662 iu
327 2596 540 2664 Alexandro:
571 2597 751 2663 Hominem
774 2597 939 2681 appellat,
965 2597 1045 2680 quin
1069 2596 1187 2662 lascivi

91 2697 219 2762 stolide
244 2717 313 2762 uou
338 2699 514 2781 intellegit:
537 2705 572 2763 et
592 2700 749 2764 Gmcilius
765 2699 797 2762 iu
815 2698 1094 2782 Hypobolimaeo:
1121 2695 1187 2762 Ani

89 2799 172 2864 biuc
187 2807 224 2862 tu
240 2799 372 2880 stolide,
386 2801 470 2865 ἱ11ἱη
496 2806 533 2866 ut
555 2801 618 2865 tibi
634 2801 679 2864 sit
699 2801 819 2883 poteri
844 2805 876 2862 et
893 2802 927 2863 in
943 2798 1136 2864 Andronico
1147 2805 1189 2863 :¹4

88 2901 164 2965 Sed
186 2919 249 2982 ego
273 2899 425 2980 stolidus,
448 2903 651 2983 gratulatum
675 2919 727 2964 me
752 2907 941 2983 oporteat¹⁵
967 2903 1068 2982 prius.
1112 2900 1188 2964 Stu-

86 3017 193 3087 prum
219 3023 280 3087 pro
301 3003 504 3086 turpitudine
531 3006 687 3086 antiquos
710 3001 838 3065 dixisse
861 3007 1003 3082 apparet
1029 3001 1064 3062 in
1087 2999 1188 3064 Nelei

86 3105 261 3170 carmine:
275 3104 376 3181 foedo,
392 3111 572 3190 stupreque
587 3104 733 3186 castigor
748 3100 891 3188 cotidie:
906 3106 938 3164 et
953 3101 987 3164 iu
1005 3101 1095 3184 Appi
1112 3119 1187 3163 serr-

87 3206 303 3289 tentiis:qni
320 3206 421 3270 enimi
456 3247 464 3266 .
507 3247 516 3266 .
562 3253 571 3272 .
609 3209 793 3288 compotem
808 3221 894 3280 esee,
909 3201 1032 3284 nequid
1048 3199 1187 3277 fraudis,

85 3311 240 3392 stupriq.
255 3311 377 3374 ferocia
392 3309 512 3392 pariat.
550 3307 712 3374 Naevius:
727 3305 772 3369 Se
780 3324 851 3386 seq.
862 3304 886 3366 ii
899 3305 1005 3390 perire
1019 3301 1189 3365 mavolunt

85 3411 236 3487 ibidem,
251 3431 352 3494 quam
367 3429 442 3474 cnm
459 3415 575 3493 stupro
589 3406 699 3473 redire
718 3405 760 3469 ad
775 3423 855 3468 suos
869 3402 1044 3487 popularis
1059 3425 1067 3463 :
1090 3403 1188 3466 item:

84 3513 157 3578 Sin
173 3511 253 3577 illos
275 3512 429 3577 deserant
450 3510 648 3576 fortissimos
672 3509 776 3584 viros,
794 3525 949 3590 maguum
964 3509 1113 3588 stuprum
1129 3521 1189 3584 po-

123 3847 143 3894 S
161 3839 182 3891 f.
199 3837 357 3901 warde-li
374 3836 392 3888 l.
409 3839 489 3888 multia
504 3838 633 3888 aliia-1⁰
649 3835 755 3899 ().-1t
774 3831 792 3884 f.
810 3833 1030 3884 effluimus-ra
1048 3828 1067 3880 s.
1083 3829 1190 3880 soliti.-

79 3911 121 3958 1³
142 3905 162 3958 ἲ.
176 3907 300 3957 iiiia-1⁴
318 3900 338 3954 t.
348 3902 566 3968 Androgyno-15
584 3898 727 3965 deportarit.

592 4076 698 4130 NOTAE

123 4181 137 4218 ¹
151 4179 258 4244 Sutura]
275 4179 307 4229 lu
326 4177 472 4243 fragmento
489 4177 553 4235 leuia
570 4176 628 4224 Ser·
669 4187 708 4224 ur.
720 4183 855 4225 eruuntur.
868 4181 1006 4223 ruente.

81 4259 167 4310 vilia
178 4259 216 4308 aio
225 4263 281 4307 eat:
294 4267 487 4308 uaruicum.
499 4265 548 4303 eur.
560 4261 628 4305 cvra
