2986 4846
187 769 383 890 SEX.
438 779 858 899 POMPEII
912 781 1184 976 FESTI·

661 1067 708 1114 DE

147 1271 557 1368 VERBORUM
597 1277 1224 1372 SIGNIFICATIONE

524 1550 687 1626 LIBER
729 1551 848 1625 Xlll.

150 1965 229 2059 Os·
249 2001 453 2084 praepositio
468 2001 552 2066 nlius
567 2001 703 2085 punitur
717 2020 778 2084 pro
794 2001 928 2077 circum,
943 2007 982 2068 ul
998 2007 1074 2068 cuni
1094 2000 1232 2084 [Pion.
1257 2041 1262 2050 ·

53 2181 56 2190 Ι
184 2097 328 2165 dicimus
344 2103 456 2166 urbem
470 2101 628 2178 obsideri,
641 2101 821 2185 obsignari,
836 2102 1015 2166 obvallari:
1037 2103 1121 2166 alias
1137 2103 1233 2184 poni·
1280 2101 1285 2112 '

185 2203 236 2261 tur
255 2201 290 2263 in
308 2203 418 2266 vicem
433 2202 691 2285 praepositionis,
712 2221 788 2286 quae
804 2208 855 2266 est
870 2208 1018 2284 proptor,
1041 2211 1081 2266 ut
1095 2201 1149 2266 Ob
1165 2221 1233 2265 me·
1268 2223 1270 2228 ·

185 2299 258 2374 ritu,
274 2302 321 2364 ob
336 2309 515 2384 superatos
528 2302 665 2368 hostes:
686 2302 772 2366 unde
786 2301 932 2382 obsides,
948 2323 1009 2385 pro
1024 2303 1164 2380 obfides,
1175 2304 1234 2388 qni

187 2401 344 2465 obfidem
368 2405 485 2485 putriae
507 2404 731 2488 proeslandam
754 2404 892 2470 duntur:
914 2403 998 2470 alius
1020 2424 1082 2488 pro
1106 2403 1149 2470 ad
1172 2423 1236 2494 po·

187 2501 283 2582 nitur,
300 2511 339 2568 ut
354 2503 501 2570 Ennius:
524 2503 578 2568 Ob
593 2503 735 2569 Romam
749 2510 850 2569 noctu
866 2505 1016 2586 legiones
1031 2506 1151 2570 ducere
1165 2523 1235 2568 coe·

186 2603 255 2684 pil:
278 2611 316 2667 et
332 2603 433 2668 alibi¹
456 2606 500 2668 ob
514 2605 652 2689 'I'ranm
669 2606 767 2672 duxit
780 2608 980 2671 oxorostum.

152 2699 201 2765 Ob
224 2705 425 2786 praepositio
447 2705 532 2768 alins
554 2707 687 2788 ponitur
708 2726 768 2789 pro
790 2707 926 2784 circum,
948 2714 987 2770 nl
1009 2725 1085 2770 cum
1110 2703 1235 2788 [Fnsn.

189 2802 333 2867 dicimus
347 2804 461 2867 urbem
477 2805 634 2885 obsideri,
650 2806 830 2888 obsignari,
846 2807 1020 2871 obvallari.
1064 2805 1162 2868 Alias
1176 2823 1236 2888 po-

187 2905 275 2968 nitur
289 2903 326 2967 io
341 2903 445 2968 vicem
460 2906 706 2989 propositionis
721 2926 798 2989 quoe
814 2914 867 2970 ost
883 2915 1027 2992 propter,
1050 2914 1088 2971 ut
1108 2908 1153 2970 ob
1169 2925 1236 2968 mo-

601 3083 781 3106 ΜΙΜΜΝ

182 3201 192 3246 l
211 3197 240 3246 ln
252 3197 297 3246 ed.
309 3197 380 3246 Scnl.
392 3197 526 3262 sequentia
537 3198 575 3248 ila
586 3199 729 3252 habentur:

278 3261 397 3311 ‘etalibi
509 3297 516 3312 .
613 3299 620 3314 .
717 3297 725 3314 .
824 3298 831 3313 .
926 3261 1014 3312 onilur

153 3323 182 3372 ob
192 3325 296 3392 'frojam
309 3326 385 3375 duxit
508 3357 515 3372 ·
614 3363 621 3378 .
719 3359 726 3376 .
823 3361 831 3376 .
929 3360 937 3374 .

228 3423 236 3437 .
303 3423 310 3438 .
362 3387 473 3438 obsideri
485 3390 518 3439 ob
614 3423 620 3439 .
720 3426 727 3440 .
825 3425 832 3440 .
931 3420 938 3435 .

641 3863 747 3918 Now

187 3986 199 4012 ⁸
219 3979 266 4042 Ol]
285 3979 307 4030 Α
324 3980 420 4030 Gradu
437 3979 485 4042 dul,
501 3981 575 4044 onjno
590 3995 620 4029 on
639 3981 677 4030 vin
718 3980 777 4044 quin
787 3975 924 4030 obsidionis
941 3973 1072 4025 solvendo
1086 3975 1170 4038 grstia
1186 3975 1243 4025 doli

159 4057 317 4114 antinoon.
329 4065 448 4120 propter,
459 4056 500 4112 sd,
510 4059 558 4107 &n
579 4057 678 4106 Obsides
719 4062 788 4104 sont.
821 4053 920 4102 Venno
937 4051 1011 4100 Funli
1022 4059 1062 4100 est
1073 4065 1105 4099 ex
1118 4063 1177 4100 vm.
1190 4051 1244 4100 Au·

160 4131 496 4197 auleunnnqnniobfideu:
513 4131 558 4181 sod
570 4133 677 4196 quinip-
718 4130 771 4179 nol.
792 4128 825 4177 de
842 4124 981 4185 Annibale,
998 4125 1040 4188 qul
1065 4138 1081 4173 ι
1101 4125 1242 4175 'l'nreulino

160 4205 181 4252 ιί
200 4205 348 4258 obsidentur
369 4214 398 4256 el
424 4207 611 4270 custodiuntur,
637 4209 678 4258 vol
720 4221 780 4271 agro
792 4211 870 4256 noctu
882 4203 970 4254 urben
982 4202 1066 4267 pellit.
1082 4203 1142 4252 Dae.
