2930 4870
315 795 513 916 SEX.
564 789 990 910 POMPEII
1042 777 1298 902 FESTI

787 1093 835 1142 DE

267 1323 691 1420 VERBORUM
745 1304 1342 1416 SIGNIFICATIONE

570 1585 1053 1684 FRAGMENTUM.

662 1848 962 1860 —n———-

270 2091 400 2148 mutum
415 2083 579 2148 dicimus:
603 2083 760 2168 autquod
780 2083 899 2148 nuliius
921 2082 1003 2147 fiant
1024 2083 1131 2160 rocio,
1148 2101 1227 2146 cnm
1249 2080 1281 2144 in
1301 2091 1350 2138 eas

269 2187 383 2250 literas
408 2186 568 2250 incidant.
613 2183 859 2268 Metaphoram‚
887 2203 987 2268 qoam
1009 2183 1123 2248 Graeci
1144 2190 1279 2259 vocant,
1299 2195 1353 2240 ποῦ

270 2288 491 2364 tralationem,
512 2285 547 2349 id
570 2289 634 2363 est,
649 2287 749 2350 domo
763 2293 952 2350 mutuatum
966 2286 1124 2349 verbum:
1148 2305 1218 2367 qno
1232 2283 1353 2350 urimur,

269 2386 374 2467 inquit
384 2387 533 2462 Verrius,
546 2385 578 2447 ia
593 2385 744 2462 oratione,
754 2379 879 2470 sae'pins
892 2386 1027 2469 quidem
1042 2385 1176 2450 honesti
1193 2405 1234 2450 ao
1246 2373 1355 2467 signifi·

270 2485 367 2547 cantis
380 2485 467 2549 verbi
480 2483 610 2571 defectu,
626 2493 664 2552 ut
678 2487 906 2569 speciosiora,¹
922 2493 1025 2568 atquo
1041 2484 1142 2548 eodem
1156 2486 1249 2549 etiam
1260 2479 1354 2564 signi·

270 2585 445 2664 ficantiore,
462 2581 562 2668 quain
578 2590 712 2671 proprio
728 2585 977 2664 ventilarem
992 2586 1181 2652 indicemus
1265 2630 1273 2646 .
1347 2627 1354 2643 ·

269 2686 410 2750 raditad
426 2707 489 2752 sua
585 2734 593 2747 .
680 2734 688 2750 .
777 2735 786 2752 .
874 2689 1027 2752 tralatum
1043 2688 1191 2752 manebit
1204 2707 1266 2771 qno
1285 2704 1354 2769 per-

270 2788 361 2851 tenit
450 2836 457 2851 .
545 2831 554 2850 .
644 2834 653 2852 .
739 2807 776 2852 as
789 2787 898 2852 aliano
912 2788 1047 2872 perinde
1062 2807 1102 2852 ac
1118 2808 1183 2853 suo
1199 2789 1281 2852 ab.
1347 2827 1354 2844 ·

270 2893 279 2934 Γ
371 2934 379 2951 .
467 2889 724 2974 Metapiasticos
752 2888 875 2954 dicitur
903 2889 993 2972 apud
1022 2899 1128 2972 poetas
1150 2888 1290 2973 usurpari
1313 2883 1354 2958 id,

272 2992 361 3074 quod
378 2998 513 3075 propter
527 2991 758 3054 necessitatem
773 2988 870 3052 metri
883 2999 1004 3052 oratore
1018 3001 1246 3068 coronaverunt,
1267 2985 1355 3073 quoti

271 3092 350 3157 item
371 3092 601 3157 barbarisimus
626 3088 740 3152 dicitur
765 3090 799 3151 in
821 3087 925 3153 soluta
948 3091 1096 3155 oratione
1128 3086 1352 3157 conscribenda

874 3191 968 3255 Meta
1063 3236 1071 3252 .

272 3310 345 3356 aaa
360 3293 485 3358 cariora
573 3336 582 3354 .
670 3338 678 3354 .
766 3337 775 3354 .
873 3298 1075 3376 perventura
1165 3340 1174 3355 .
1257 3339 1265 3354 .
1345 3334 1354 3351 .

546 3437 555 3456 .
641 3392 812 3458 .dicara
827 3395 876 3459 ait
898 3395 1077 3458 Ennius.
1171 3439 1179 3455 .
1261 3393 1357 3457 idast

850 3495 948 3558 Meta
1035 3541 1044 3557 .
1134 3540 1142 3558 .
1230 3494 1354 3557 ‚abus

741 3635 750 3652 ·
838 3639 846 3656 .
933 3593 1071 3674 gratia.
1162 3639 1171 3655 .
1256 3640 1264 3654 .
1342 3631 1353 3648 ·

898 3694 1109 3758 necessitato.
1156 3691 1352 3776 Metonynin

272 3799 325 3858 ost
340 3798 468 3879 tropos,
478 3809 555 3858 ¹oum
569 3795 611 3858 ab
626 3814 678 3870 eo,
701 3794 791 3876 quod
806 3794 966 3873 continet,
982 3795 1190 3877 significatur
1204 3797 1250 3872 id,
1269 3790 1350 3876 qood

272 3897 465 3974 continetur,
504 3900 563 3959 aut
590 3894 741 3980 superior
769 3893 932 3972 inferiore,
961 3901 994 3960 ot
1019 3895 1156 3962 inferior
1183 3896 1351 3982 superiora·-

1447 762 1452 841 i

1446 844 1452 945 t
