2934 4864
514 406 786 458 rursuuuruu.
1105 397 1189 463 1141
1206 479 1211 490 Ι

110 565 205 629 parur,
221 565 370 633 aquare
393 545 595 632 appellatum
617 571 676 615 erre
698 571 813 616 racrrm
834 551 927 618 dicits
951 553 1045 620 ituid
1068 555 1190 639 adjicit,

114 647 182 733 qaae
203 670 318 732 param
342 671 417 734 opus
445 661 510 721 est:
538 654 649 717 omisit
675 652 827 718 vocabuli
855 663 984 740 etymon.
1028 653 1189 720 Plautus:

111 748 305 820 Adolescens
327 750 440 836 quibus
461 751 510 816 iiic
525 751 638 837 pretiis
653 754 743 836 porci
765 757 899 821 veniunt
923 774 1034 827 sacres,
1056 755 1190 820 rirrceri't

111 870 269 916 munium
289 872 389 918 unum
404 875 442 917 en
456 875 477 916 a
491 875 538 918 me
554 854 754 942 accipe,jabe
768 866 797 922 tr
812 859 923 940 plari⁴
944 858 1081 923 demea
1097 879 1191 941 peco-

111 952 221 1016 uiaret
239 953 273 1017 iu
297 949 464 1020 Rudente:
487 956 573 1022 Sunt
594 956 684 1022 domi
707 957 782 1044 agui
797 968 823 1023 rt
841 958 930 1042 porci
953 980 1059 1023 sacres.
1106 958 1191 1025 Cato

112 1053 252 1118 adversm
270 1051 311 1124 Q.
327 1053 504 1119 Minuciam
523 1053 702 1133 Thermum,
718 1067 796 1142 post
894 1104 902 1121 .
989 1108 999 1127 .
1086 1107 1093 1122 .
1181 1108 1189 1125 .
1278 1073 1285 1086 '

110 1173 225 1220 sacrem
240 1157 274 1220 iu
287 1157 361 1222 siro
379 1158 537 1237 mactavit,
555 1158 685 1242 ponitur
699 1157 879 1244 aliquando
894 1181 954 1244 pro
967 1160 1077 1224 hostia.
1123 1160 1191 1225 Ea·

110 1255 190 1320 uua:
207 1253 286 1322 Fuso
298 1258 453 1344 sunguine
469 1279 608 1324 sacrem.
631 1257 824 1342 Sacrificium
840 1261 990 1346 quodpro
1001 1261 1067 1325 uuir
1076 1264 1192 1346 primis

109 1355 172 1435 fier,
194 1357 412 1444 appellabatur
433 1360 628 1447 abantiquis
652 1363 809 1428 saorima:
835 1368 886 1427 est
907 1373 1022 1441 autem,
1036 1373 1070 1426 ut
1090 1362 1191 1428 AEiiur

99 1448 188 1524 'scita
201 1469 231 1524 et
249 1457 394 1526 Cloatius
415 1463 540 1543 dicunt,
563 1471 695 1526 mutam
716 1461 853 1528 inditum
871 1465 905 1528 iu
923 1464 1117 1548 amphoram
1134 1461 1193 1528 Li·

109 1556 253 1625 ieratibas
266 1561 416 1628 sacrificii
428 1581 540 1641 eausa,
556 1583 617 1646 pro
639 1563 707 1626 ovis
728 1572 755 1627 et
781 1562 865 1641 uino,
887 1583 964 1647 quae
984 1564 1083 1646 quasi
1096 1583 1192 1628 sacra

105 1670 184 1739 sorr,
199 1683 267 1726 cum
278 1661 377 1730 libero
391 1664 438 1743 ut,
453 1671 490 1729 ut
504 1664 707 1748 praemrtium,
723 1687 791 1729 cum
803 1663 924 1732 Cereri.
947 1663 1160 1730 Sacrificulus
1170 1671 1191 1700 “¹

107 1759 176 1826 Bar
189 1763 376 1848 appellatur,
388 1768 447 1850 qui
470 1785 512 1832 eu
533 1786 640 1846 sacra,
664 1788 741 1852 quas
752 1767 867 1854 facere
887 1764 987 1852 Reges
1004 1779 1192 1844 sueverant,

104 1863 203 1930 facit:
215 1868 334 1949 primur
348 1879 532 1934 memoratur
546 1876 725 1953 postreges
734 1879 862 1934 exactor
876 1867 1012 1932 Sicinius
1029 1863 1191 1931 ,Beilutus

105 1965 235 2032 Sacelta
249 1969 397 2054 dicuntur
416 1968 481 2033 toca
497 1971 572 2035 Diis
587 1978 717 2037 sacrata
730 1970 801 2035 siue
815 1969 909 2054 [128]
923 1975 1024 2034 teoto.
1069 1969 1192 2032 Sacro-

104 2072 401 2151 ssuctuuruiciter,
417 2072 505 2155 quod
522 2073 596 2156 jure
612 2072 758 2156 jurando
773 2071 973 2154 interposito
995 2073 1047 2134 est
1059 2069 1192 2132 institu-

103 2177 193 2236 tum:
217 2171 247 2236 si
262 2174 337 2256 quis
353 2173 387 2238 id
402 2173 576 2251 violasset,
591 2181 629 2237 ut
641 2179 746 2239 morte
761 2191 881 2257 poenas
899 2171 1079 2254 penderat:
1094 2170 1192 2253 cujus

101 2274 321 2354 generissuut
335 2275 404 2340 Tu.
416 2274 484 2339 Pu.
528 2275 694 2361 AEdilesq.
709 2275 858 2359 ejusdem
868 2273 1010 2338 ordinis:
1027 2274 1116 2357 quod
1133 2273 1193 2336 ad·

102 2371 213 2439 firmat
228 2375 277 2438 Μ.
293 2374 380 2442 Cato
399 2378 435 2441 iu
458 2397 510 2454 ea,
531 2395 633 2460 quam
656 2378 803 2460 scripsit,
826 2376 949 2441 AEdiiis
971 2375 1081 2459 plebis
1097 2391 1192 2439 sacro

100 2476 240 2540 sanatos
255 2497 340 2543 esse.
383 2477 530 2544 Sacratis
543 2479 632 2561 loges
645 2485 732 2556 suut,
748 2479 870 2560 quibus
887 2484 1040 2542 sanatum
1055 2484 1117 2552 est,
1133 2476 1192 2560 qui

99 2574 184 2658 quid
200 2576 358 2643 adsessos
380 2598 438 2644 aas
452 2578 579 2658 fecerit,
595 2598 690 2644 sacar
703 2580 806 2644 alicui
824 2578 967 2643 Deorum
988 2579 1095 2642 sicut⁵
1105 2585 1119 2612 ¹¹
1143 2576 1193 2642 sa·

98 2677 208 2754 mitia,
235 2681 466 2765 pecuniaquez
492 2687 571 2746 sunt
593 2681 653 2764 qui
681 2701 756 2746 asse
787 2680 899 2746 dicunt
921 2687 1081 2756 sacratus,
1106 2696 1193 2762 quas

97 2777 223 2862 plebes
231 2781 346 2864 jurata
360 2785 394 2847 iu
410 2789 521 2848 monte
536 2783 640 2848 Sacro
654 2784 798 2849 sciverit.

96 2880 246 2946 Saulusa
271 2903 367 2949 sacra
384 2885 590 2962 dicebantur,
608 2903 685 2967 qum
707 2883 819 2949 Graeci
839 2883 998 2966 mysteria
1015 2880 1193 2964 appellunt.

95 2980 225 3050 Scaeua
244 2986 287 3051 ab
311 2988 408 3069 aliis3
432 2986 674 3071 aquibusdam
699 3003 821 3050 sacena
841 2982 1038 3065 appellatur,
1055 2980 1194 3046 dolabra

128 3283 146 3328 t
165 3277 321 3344 eptae-s
339 3281 358 3334 t.
375 3284 479 3334 aras.

597 3443 703 3496 NO'l'AE

86 3564 203 3618 mauro,
215 3563 290 3608 uter
307 3560 364 3623 ejus
382 3559 495 3624 reliquiis
512 3565 630 3623 apparet.
669 3563 733 3620 utar,
750 3553 856 3606 iudicari
873 3565 964 3603 nomeu
980 3548 1072 3611 Sicini,
1084 3547 1127 3614 qui
1139 3549 1195 3598 dic·

85 3633 213 3682 Plautus
226 3636 415 3697 manuscriptus
426 3635 630 3685 inmiserabi-
672 3640 769 3682 tuaest
788 3631 921 3681 Bellatur:
939 3625 996 3676 fleri
1013 3625 1080 3676 euim
1099 3630 1197 3688 parur,

84 3708 144 3759 bet
155 3711 257 3773 mauu,
268 3718 297 3760 ut
308 3707 419 3761 tortasse
431 3710 464 3761 ao
480 3711 631 3774 Aristopha·
672 3719 701 3761 ut
712 3709 818 3758 Verrius
835 3721 886 3756 uae
904 3719 957 3761 eor,
979 3717 1042 3768 quor
1063 3700 1149 3750 Livius
1168 3707 1197 3750 et

81 3783 135 3834 nir
168 3799 275 3835 versum
304 3787 447 3848 respexerit
471 3787 497 3836 tu
519 3783 630 3836 Aetrara.
671 3785 821 3848 Dionysius,
849 3781 892 3848 qai
919 3780 1035 3830 Manium
1061 3775 1196 3840 Papirium

82 3859 344 3922 'ffl'fflmit
360 3863 427 3910 im
437 3859 503 3919 eiri-
533 3865 632 3912 itare·
672 3863 781 3926 primum
803 3856 975 3909 naeuflcutura
996 3851 1118 3918 produnt,
1149 3850 1196 3900 sed

79 3937 159 4001 μῶς
179 3941 216 3989 πᾶ
226 3940 248 3988 δ’
258 3940 313 4002 οὐχὶ
325 3939 421 4002 θύσιμόε
431 3940 512 4002 tam
528 3948 565 3989 Δι.
581 3939 632 4004 etp·
672 3937 734 3986 atior
746 3935 878 3985 tristoriror
889 3931 967 3981 tuerit
977 3936 1088 3978 secutur.

79 4015 274 4078 awoirixra
307 4017 632 4080 lueremptariptsuaeat
703 4021 716 4046 ¹¹
732 4013 838 4062 Deam
852 4009 925 4074 sicut]
942 4002 1199 4058 Proriautrcribeu·

79 4128 88 4142 .
102 4129 112 4144 .
125 4129 134 4144 .
145 4130 154 4145 .
167 4095 221 4144 iae.
232 4111 265 4145 ex
276 4109 328 4160 quo
339 4093 447 4144 iacimus
458 4093 583 4155 ungriae.
671 4101 741 4153 nuru,
750 4087 782 4138 rit
793 4101 854 4138 aar.
871 4085 940 4136 Vide
951 4083 977 4132 iu
996 4079 1124 4132 ‘Publica
1135 4091 1198 4142 pau·

123 4176 146 4203 ¹
167 4169 340 4236 flammeum]
358 4159 458 4234 Opiuor
469 4168 590 4218 extremis
602 4167 632 4217 u·
673 4163 754 4217 derat

75 4246 120 4298 tis
136 4247 244 4305 literis,
261 4261 318 4312 qua
334 4253 395 4296 aaut
406 4245 433 4296 iu
444 4244 632 4308 exemplari...
