2930 4870
227 367 312 436 1082
561 381 674 430 suxni
699 379 852 430 nouauit
877 379 980 430 nuum

228 545 302 588 anca
318 522 504 607 appellatur,
517 533 628 606 putenm
650 545 809 600 summam,
829 525 913 590 velut
935 526 1061 607 pelvis:
1086 509 1151 609 quo
1167 521 1213 586 aci
1229 519 1318 586 sacri·

218 625 297 709 ficia
322 624 492 688 utebantur
516 625 550 688 in
572 627 709 689 sacrario
735 625 820 708 Opis
846 625 995 689 Consiua.
1041 623 1190 698 Patella,
1215 625 1320 687 casula

224 747 325 810 parca
345 726 463 809 picata,
486 725 564 788 item
590 727 694 790 saonis
715 724 862 788 faciendis
883 735 978 808 apta:
1015 747 1083 812 qua
1108 738 1200 788 erant
1209 723 1320 811 sonna

228 823 320 892 velut
334 827 492 910 capiduta
508 825 655 910 quadam.
700 823 846 888 Panticas
857 825 996 890 dicebant
1010 829 1080 890 frus
1099 829 1227 891 ventris
1313 871 1321 888 .

232 969 727 992 ......
813 926 1078 1012 appellataquo
1114 978 1123 994 .
1216 977 1226 994 .
1313 972 1320 986 .

521 1075 529 1092 .
614 1029 679 1092 lus.
711 1026 915 1092 Procinota⁶
935 1029 1045 1092 classis
1061 1029 1225 1093 dicebatur
1239 1051 1323 1093 cacr-

230 1131 305 1194 citus
320 1129 363 1194 nat
370 1130 521 1214 proelium
538 1130 730 1206 instructus,
744 1137 778 1194 ot
792 1139 947 1212 paratas:
969 1152 1057 1216 quem
1073 1130 1172 1194 Diali
1188 1131 1323 1196 Flaminii

231 1233 337 1296 uidero
354 1251 420 1296 non
442 1233 537 1296 licet:
560 1231 683 1316 antiqui
696 1231 776 1292 enim
794 1231 985 1314 procinctum
1001 1232 1129 1296 militem
1157 1235 1321 1313 dixerunt,

231 1341 270 1398 ut
285 1353 371 1397 nunc
386 1353 489 1416 quoq.
504 1355 571 1396 cum
585 1331 732 1394 exercitus
747 1331 919 1395 instructus
933 1341 1001 1396 est:
1019 1336 1196 1414 procincta
1209 1341 1319 1396 autem

231 1434 308 1510 idco,
323 1432 406 1518 qnod
418 1433 496 1518 togis
514 1431 639 1496 incincti
654 1432 696 1496 ad
712 1453 856 1514 pugnam
879 1433 927 1496 iro
948 1433 1041 1497 soliti
1045 1431 1187 1520 suerint.
1235 1430 1320 1496 unae

232 1546 261 1599 et
272 1542 450 1598 testamenta
464 1537 497 1598 in
512 1536 686 1617 procinctu
702 1535 772 1599 fieri
783 1534 876 1612 dicta,
892 1535 982 1617 quod
988 1533 1122 1620 faciunt
1132 1533 1177 1598 ad
1185 1555 1321 1620 pugnam

232 1637 320 1700 ituri.
365 1635 594 1700 Procinrarium
605 1646 616 1672 ⁸
628 1657 703 1700 esse
718 1639 765 1701 ait
778 1637 943 1701 Antistius
960 1637 992 1698 iu
1006 1637 1225 1700 commentario
1233 1635 1321 1720 juria

226 1737 653 1821 pontificalis,pou1oerium,
668 1739 701 1802 id
713 1749 775 1816 est,
787 1741 884 1802 locum
892 1738 1066 1821 proximum
1081 1760 1181 1802 muro.
1213 1737 1318 1802 Cato:

234 1839 322 1904 Olim
337 1840 473 1922 quidam
493 1859 602 1903 omnes
625 1840 867 1921 auspicabantur
890 1850 977 1904 extra
1001 1840 1208 1916 Auentinam,
1231 1859 1317 1903 nunc

233 1941 330 2004 etium
346 1940 431 2004 iutra
450 1938 606 2023 aedificia:
627 1941 741 2003 dictam
757 1951 859 2004 autem
869 1941 1050 2024 pomarium
1065 1943 1165 2024 quasi
1180 1959 1320 2024 promou-

233 2045 338 2106 rium:
362 2040 449 2104 solet
466 2051 571 2104 autem
593 2039 631 2102 iis
642 2041 834 2124 potissimum
849 2039 922 2104 dari
932 2063 987 2106 ras
1000 2051 1024 2090 ¹⁵
1041 2045 1202 2126 pomoerii
1215 2043 1320 2126 prote·

233 2143 334 2216 rendi,
358 2142 412 2226 qui
441 2141 594 2226 Populum
620 2140 794 2206 Rauranum
816 2144 887 2228 [59]
910 2167 985 2230 agro
1012 2145 1050 2209 de
1073 2145 1210 2209 hostibus
1236 2156 1322 2228 capto

237 2253 399 2308 nouerant.
444 2243 701 2330 Antiquissimum
717 2243 846 2310 Romuli
856 2247 1034 2330 pomaerium
1051 2245 1203 2310 Palatini
1216 2245 1321 2309 montis

236 2345 388 2408 radicibus
402 2345 641 2410 terminabatur:
659 2346 793 2432 protulit
814 2348 849 2412 id
866 2349 934 2413 Ser.
953 2349 1072 2414 Tullius
1087 2371 1163 2412 reu:
1187 2349 1265 2414 item
1284 2345 1321 2410 L.

239 2443 399 2508 Cornelius
417 2445 507 2510 Sulla
531 2445 679 2512 Dictator
694 2449 843 2529 imitatus,
856 2459 891 2512 ut
905 2451 1040 2528 videtur,
1060 2449 1202 2513 Tullium
1216 2471 1320 2536 regent,

231 2543 375 2632 proferre
404 2550 542 2612 territavit
555 2573 565 2614 .·
587 2551 647 2614 sed
679 2551 861 2634 pomarium
878 2573 945 2615 cum
972 2552 1053 2616 locus
1076 2552 1129 2630 cit,
1156 2553 1213 2637 qui
1224 2553 1319 2635 finem

235 2646 347 2710 urbani
364 2649 495 2732 auspicii
498 2647 614 2735 faciat
629 2651 714 2715 intra
729 2674 840 2738 agrum
858 2650 981 2737 effatum
996 2653 1085 2716 certic
1099 2653 1252 2740 regionib·
1265 2663 1322 2716 tec·

237 2749 381 2824 minatus,
393 2749 436 2813 ad
453 2751 609 2832 captanda
625 2753 773 2838 auspicia,
788 2777 875 2840 quern
893 2755 983 2819 liccat
995 2752 1151 2840 proferre,
1168 2776 1259 2818 nemo
1280 2765 1322 2817 ta·

237 2871 304 2913 men
314 2849 513 2929 Auentinum,
526 2875 593 2916 cum
605 2857 783 2938 pomarium
793 2855 938 2940 protulit,
949 2857 1031 2919 intra
1047 2855 1172 2921 moenia
1185 2854 1322 2918 inclusit:

238 2953 325 3036 cujum
344 2952 389 3016 rei
403 2975 495 3016 cauco
510 2953 566 3017 iila
578 2955 743 3040 probatur,
759 2958 850 3041 quod
874 2958 1002 3022 Romus
1016 2955 1050 3018 in
1064 2977 1099 3020 eo
1113 2957 1322 3040 auspicaverit,

239 3075 340 3138 avesq.
355 3055 461 3117 irritas
474 3053 635 3120 habitarit:
651 3058 835 3142 insequenti
850 3069 952 3121 aunem
966 3067 1055 3120 atate
1065 3055 1220 3120 inclusum
1226 3057 1320 3120 aiunt.

239 3153 427 3218 Pomariurn
456 3157 487 3221 si
511 3165 633 3222 tactam
657 3178 677 3219 a
695 3157 828 3242 priuatis
837 3156 964 3246 fuisset,
985 3179 1078 3243 pana
1106 3169 1227 3222 statuta
1249 3167 1320 3222 crat.

691 3368 867 3390 “neuneu

272 3499 300 3545 tb
318 3495 396 3558 fijac.

728 3633 837 3683 NOTAE

269 3739 281 3774 θ
299 3739 438 3804 Proainrta]
455 3741 522 3790 Victa
532 3757 610 3806 supra
621 3745 646 3794 iu
662 3747 762 3797 ‘Eudo
802 3762 873 3811 rego,
881 3753 908 3796 ot
917 3747 972 3796 atttn
982 3747 1025 3812 qai
1036 3747 1186 3809 pomaerium
1194 3755 1336 3814 unxerunt,

240 3815 373 3880 procincta
382 3815 399 3864 ι’
414 3831 447 3866 ox
458 3831 489 3866 eo
499 3818 566 3868 enim
577 3820 634 3870 loco
645 3823 712 3872 hunc
721 3837 762 3872 re·
801 3823 926 3872 videnum
944 3823 1033 3872 uinus
1045 3823 1090 3872 tib.
1103 3837 1123 3873 i.
1135 3832 1163 3874 et
1175 3825 1334 3875 Aurelianus

239 3891 396 3942 innotuimus.
802 3899 827 3948 in
839 3899 961 3962 Vopicco.
979 3900 1123 3954 Varrotiti.
1134 3914 1174 3951 iv.
1186 3902 1219 3949 de
1231 3901 1341 3963 liugn

269 3977 280 4002 ⁸
299 3969 482 4033 Pranimuriunn]
500 3969 539 4018 De
551 3969 680 4021 Aventino
692 3985 761 4020 mon·
802 3975 861 4023 Lat.
872 3974 963 4025 ‘Quod
975 3981 1032 4022 erat
1044 3984 1103 4036 pont
1114 3991 1223 4039 murum,
1233 3991 1343 4039 pome-

242 4051 277 4099 te,
295 4045 401 4106 primum
412 4053 486 4093 extra
497 4046 656 4115 pontonium,
669 4046 761 4096 deinde
803 4051 866 4098 rium
877 4049 983 4110 dictum,
991 4049 1100 4115 ejusque
1109 4051 1205 4101 ambitu
1214 4052 1347 4117 auspicia

242 4131 256 4164 ι
269 4117 304 4164 D.
315 4118 422 4167 Claudio
434 4119 503 4168 intra
514 4121 661 4182 pannoniam
674 4135 764 4184 recep·
802 4125 899 4175 urbana
908 4124 1050 4176 finiuntur.'

242 4199 278 4249 to,
295 4191 353 4240 uida
372 4193 492 4244 Tacitum
513 4196 557 4245 tib.
573 4210 602 4246 u.
620 4196 653 4246 do
671 4198 762 4246 Scinio
