2934 4864
474 375 750 426 rancunurrmr.
822 388 827 398 ·
1068 361 1155 428 loun

71 513 204 598 insuetis
218 521 344 578 colmar
357 511 441 594 dies,
455 517 514 598 qui
534 517 611 582 talis
628 523 689 594 est,
705 521 741 581 ut
754 513 826 580 adis
840 516 952 580 aestis⁶
967 538 1000 581 co
1015 517 1065 582 die
1075 541 1161 603 pur-1

70 626 171 700 gatar,
185 625 349 698 stercusq.
367 617 400 680 in
417 617 529 680 alvum
542 625 555 665 ⁷
571 615 787 700 Capitolinum
800 637 836 680 er
851 617 911 682 ade
929 615 1022 682 Vesta
1034 618 1160 707 afferas

72 729 144 780 tur:
166 737 240 782 cum
255 717 287 780 id
310 718 435 782 factum
457 717 511 794 sit,
528 727 599 781 tuuc
619 718 747 800 pretori
768 717 858 782 liceat
868 715 945 804 furi
966 719 1029 782 trin
1050 721 1157 788 verba.

73 818 266 896 Quaestores
276 815 467 897 dicebantur,
482 819 571 902 quod
583 829 751 903 quarerem
762 818 799 884 de
810 819 871 883 reb.
883 821 1056 904 capitalib.
1071 823 1159 888 unde

73 919 125 1006 qm'
146 919 225 984 tulin
240 930 391 1005 querunt,
416 917 586 986 Quartam
598 920 742 1004 paricidi
758 920 980 1004 appellantur.
1025 919 1159 990 Quando

74 1041 140 1084 cum
153 1021 246 1106 graui
259 1041 329 1086 aare
347 1023 591 1104 pronunciatur,
606 1023 771 1103 significet
791 1021 883 1108 quod,
903 1023 1059 1107 quonium,
1074 1034 1103 1088 et
1118 1036 1162 1089 cst

72 1122 313 1209 conjurabant
337 1124 481 1189 Plautus
503 1124 536 1190 iu
562 1121 780 1188 Meneclmir:
803 1121 876 1187 ideo
901 1124 975 1208 quia
1000 1141 1159 1205 mensam,

74 1224 205 1308 qnando
218 1223 296 1302 edo,
311 1223 383 1308 [68]
399 1225 572 1310 detergent
587 1232 622 1289 et
637 1227 669 1289 in
687 1225 880 1290 Pseudolor
902 1225 1012 1303 Dabo,
1027 1228 1161 1310 quaudo

74 1327 158 1394 critz
183 1325 306 1402 ducito,
332 1326 467 1410 qnando
491 1327 651 1394 babebis:
673 1332 706 1391 et
729 1327 854 1392 Ennius
876 1329 935 1392 lib.
954 1343 1036 1392 xvr.
1080 1327 1163 1393 Nox

73 1427 208 1513 qnando
235 1427 357 1492 madiis
379 1428 484 1510 signis
507 1428 692 1510 praecincta
716 1429 864 1492 volabit:
891 1430 924 1492 in
949 1429 1003 1493 12.
1030 1431 1168 1513 quidem.

73 1545 153 1594 curn
168 1529 210 1594 ο*
224 1529 319 1594 litera
333 1530 449 1594 ultima
463 1530 628 1608 scribitur,
644 1530 797 1614 idemque
812 1530 988 1612 significat.
1012 1530 1169 1609 Quadra«

72 1637 109 1696 tn
136 1629 304 1696 Romaiu
330 1631 466 1695 Palatio
490 1640 567 1696 ante
588 1632 746 1714 templum
768 1630 937 1715 Apollinis
959 1634 1085 1710 dicibrr,
1107 1633 1170 1698 ubi

71 1735 221 1818 reposita
243 1739 330 1812 sunt,
356 1752 434 1815 qnae
458 1734 566 1798 solent
587 1733 666 1797 bani
682 1733 803 1798 ominis
819 1735 926 1815 gratia
940 1735 975 1798 in
991 1735 1072 1798 urbe
1088 1755 1165 1799 con·

72 1834 187 1921 denda
209 1833 368 1912 adhiberi,
395 1834 475 1918 quia
497 1853 584 1900 saxo
609 1834 755 1898 munitus
778 1843 831 1898 est
853 1834 947 1900 initio
963 1836 998 1898 in
1017 1837 1165 1918 speciem

71 1937 273 2021 quadratam
283 1956 294 2000 z
306 1936 379 2020 ejus
392 1936 462 2000 loci
476 1935 604 2000 Ennius
616 1945 674 2000 m.⁹
690 1953 764 2000 cum
779 1936 845 1999 ait:
861 1935 905 1999 Et
914 1937 992 2018 quis
1004 1941 1055 1999 est
1069 1943 1166 2000 erat¹⁰

70 2039 198 2104 Romae
226 2057 362 2121 regnare
389 2035 572 2120 quadrais.
615 2035 841 2114 Quadrurbem
865 2032 1013 2098 Athenas
1039 2033 1168 2100 Accirm

72 2140 275 2224 appellavit,
300 2137 388 2222 quod
410 2138 543 2203 scilicet
563 2156 607 2200 ex
629 2139 663 2200 4.
681 2137 821 2200 urbibus
833 2136 868 2208 in
881 2154 979 2198 naam
996 2135 1169 2201 domicilia

69 2241 301 2316 contulerunt,
317 2241 498 2315 Braurona,
513 2237 685 2314 Eleusine,
706 2236 849 2315 Piraeeo,
867 2237 982 2302 Sunio.
1029 2237 1168 2316 Quaeso,

68 2351 113 2408 ut
135 2341 303 2424 significat
316 2341 417 2419 idem,
437 2340 530 2424 quod
546 2358 635 2420 rogo,
650 2340 698 2402 ita
712 2357 862 2422 quaesere
875 2341 1009 2420 ponitur
1026 2341 1069 2404 ab
1078 2342 1169 2406 anti·

68 2445 158 2528 quis
184 2461 246 2525 pra
273 2461 435 2526 quaerere,
461 2448 500 2506 ut
523 2447 575 2504 est
603 2439 690 2524 apud
718 2438 873 2518 Ennium,
897 2441 957 2505 lib.
982 2459 1025 2507 11.
1070 2440 1171 2507 Ostia

67 2544 208 2610 munita
222 2549 275 2608 est
287 2544 378 2612 idem
391 2543 470 2608 loca
484 2542 628 2607 navibus
646 2541 793 2623 pulchris
805 2543 928 2607 mnudc
940 2551 961 2581 ¹¹
976 2543 1071 2620 facit,
1088 2563 1170 2608 nau·

66 2647 193 2731 tisque
216 2648 299 2710 mari
322 2645 548 2728 quaesentibus
566 2643 688 2709 vitam:
713 2649 747 2708 et
769 2644 803 2708 in
818 2644 1065 2728 Chresponte¹²
1080 2644 1172 2708 ducit

65 2767 130 2812 me
148 2765 293 2812 uxorem
307 2747 483 2812 liberorum
499 2747 562 2810 sibi
576 2743 790 2829 quaescudum
807 2747 930 2826 gratia:
950 2751 983 2808 et
994 2747 1028 2808 in
1041 2742 1173 2809 Andro-

63 2849 184 2916 meda
212 2849 350 2914 liberum
388 2847 605 2931 quarendum
634 2865 738 2910 causa
766 2833 902 2910 familiae
932 2854 1069 2909 mabam
1094 2854 1171 2908 tuae.

65 2949 296 3030 Quadraeul
316 2951 480 3014 vocabunt
505 2945 646 3029 antiqui,
669 2963 767 3027 quam
782 2963 825 3009 ex
840 2944 964 3010 Graeco
979 2944 1172 3026 amphoram

60 3055 209 3128 dicunt,
223 3050 312 3134 quod
327 3068 389 3114 ras
399 3045 497 3132 pedis
511 3047 663 3132 quadrati
679 3049 800 3109 actast
816 3062 881 3112 xn.
897 3047 989 3129 capit
996 3045 1174 3110 sestarios.

59 3155 231 3220 Planbrs
246 3153 280 3215 in
297 3149 516 3214 Curculione:
539 3149 635 3212 Anus
657 3146 835 3223 bscsitit,
857 3147 1055 3230 quantillum
1079 3145 1181 3209 sitit't‘

56 3253 220 3322 modica
247 3258 309 3328 est,
337 3251 429 3334 capit
454 3248 672 3333 quadrantal:
693 3254 728 3312 et
750 3247 837 3312 Cato
863 3253 977 3312 contra
1004 3246 1174 3329 Oppium:

56 3355 213 3422 Vinum
234 3351 417 3426 redemisti,
431 3348 560 3434 praedia
576 3366 635 3430 pro
658 3347 727 3411 vini
743 3347 986 3432 quadrantalib.
1000 3348 1182 3429 sexaginta,

55 3457 102 3524 ln
142 3454 270 3538 pulli¹³
292 3451 427 3529 dedisti,
454 3451 565 3515 vinum
592 3469 656 3514 uon
686 3448 817 3512 dedisti.
861 3448 1061 3528 Qnaxare¹⁴
1085 3467 1175 3514 ranae

53 3559 256 3632 dicuntur,
272 3573 349 3618 cum
363 3571 478 3618 vocem
494 3552 633 3617 mittunt.
678 3549 876 3628 Quartarios
890 3551 1104 3634 appellabant
1119 3569 1178 3614 an-

51 3657 170 3742 tiqui
196 3655 359 3718 mnliones
374 3654 627 3726 mercennarios,
643 3651 734 3734 quod
754 3656 906 3733 quartam
927 3657 1053 3736 partem
1069 3670 1177 3734 quaes·

51 3770 164 3830 tuus
198 3757 384 3840 capiebant.
426 3755 595 3820 Lucilius:
612 3753 719 3818 Porro
738 3753 889 3818 homines
908 3773 1049 3838 nequam
1069 3752 1181 3817 malus

87 4117 112 4164 6
135 4103 165 4158 f.
189 4105 253 4153 ader
266 4101 399 4152 reim-r
417 4100 588 4151 belinum—8
606 4095 1179 4150 t.n.—af.memlstt.-1oflexurum-n

38 4182 67 4233 s.
83 4171 291 4230 Munda-12
307 4165 553 4229 decapitata-lb
570 4164 589 4215 l'.
605 4165 795 4228 publicum-ld
812 4163 831 4212 f.
846 4163 979 4219 Quaem.
