2880 4852
278 1717 462 1800 Resignare
484 1713 614 1796 antiqui
637 1713 792 1778 dicebant
807 1732 869 1796 pro
888 1715 1079 1796 rescribere,
1095 1721 1135 1781 nt
1148 1715 1209 1786 ad·
1229 1716 1363 1800 [Psuu.

318 1819 384 1883 buc
399 1818 594 1900 subsignare
606 1815 746 1880 dicimus
760 1833 820 1899 pro
830 1816 1049 1882 subscribere.

275 1920 496 2004 Resignctum
521 1925 592 1983 ees*
613 1917 736 1981 dieitur
762 1916 868 1988 militi,
898 1937 975 1982 curo
996 1920 1040 1982 ob
1062 1919 1218 1984 delictum
1242 1918 1367 1996 [Fusr.

209 2039 215 2054 ⁴
317 2023 457 2106 aliquod
467 2021 566 2105 jussu
579 2018 720 2082 Tribuni
731 2017 870 2082 militurn
885 2017 942 2104 (ne
952 2020 1162 2104 :stipendium
1177 2021 1208 2084 ei
1225 2018 1367 2103 detur,)⁹

317 2129 354 2192 in
378 2125 510 2191 tabulas
532 2121 690 2186 refertur:
711 2119 877 2203 resignare
894 2120 981 2185 enirn
1005 2121 1134 2205 antiqui
1146 2141 1206 2206 pro
1221 2122 1367 2206 scribere

317 2227 481 2293 interdum
494 2224 672 2308 ponebant.

276 2330 514 2412 Respersurn¹⁰
530 2326 640 2391 vinum
655 2322 820 2402 dixenrnt,
836 2322 915 2405 quia
926 2324 1003 2389 uino
1019 2324 1208 2408 sepulcrum
1231 2325 1371 2408 [Pron.

319 2430 547 2514 spargebatur.

277 2529 487 2615 ,Respersuw
501 2529 606 2593 uiuum
625 2525 786 2610 significat
806 2525 892 2612 opud
904 2527 1065 2613 antiquos:
1087 2525 1162 2613 quia
1182 2526 1219 2589 s'u
1242 2527 1372 2610 [Ἐκεῖ.

323 2632 418 2696 sacris
432 2628 678 2697 novendialibus
692 2628 763 2692 uiuo
778 2628 892 2694 stertui
902 2626 1072 2712 sepulcrum
1086 2628 1304 2713 spargebatur
1366 2673 1375 2690 .

580 2777 589 2794 .
673 2743 694 2788 0
777 2777 784 2792 .
873 2775 881 2792 ·
968 2778 978 2797 .
1069 2776 1077 2791 ·

726 2960 908 2984 nucum»

306 3139 325 3182 n
341 3132 407 3182 ‘liis
423 3129 502 3180 rerba
513 3128 555 3192 (ss
565 3131 703 3192 stipendium
721 3131 743 3179 ei
759 3128 840 3193 detur)
852 3130 877 3178 in
889 3129 964 3178 Pauli
975 3127 1047 3178 tibris
1066 3133 1168 3192 estant,
1178 3141 1232 3179 non
1242 3127 1270 3178 in
1286 3127 1379 3179 Festi!

277 3197 337 3248 Aut.
347 3195 477 3256 Aug.-t⁰
492 3195 555 3244 uer.
564 3195 611 3242 lib.
620 3194 687 3257 opud
699 3195 786 3245 Ursin.
800 3195 950 3258 Respursum.

768 3406 879 3464 NOTAE

309 3577 319 3600 ¹
338 3567 493 3628 Resigsctum
504 3567 548 3632 cr]
564 3567 607 3617 AEs
617 3567 685 3632 qnod
695 3567 720 3615 in
730 3567 804 3618 tubo·
845 3566 893 3617 bus
904 3567 962 3616 rino
971 3568 1117 3633 sepulcrum
1126 3567 1312 3632 spargebatur.
1325 3569 1384 3618 Jor-

277 3641 308 3691 iis
319 3641 444 3705 scripturn
456 3640 550 3704 tuerat,
562 3648 590 3692 ut
599 3641 720 3692 militibus
730 3642 803 3692 dure·
844 3641 911 3693 Scot-

240 3727 244 3736 ’
278 3719 360 3769 turin
376 3715 542 3780 stipendium,
560 3717 581 3766 si
599 3718 803 3781 quondoresori-
877 3719 1019 3783 Raptum
1036 3719 1131 3783 duum]
1157 3719 1332 3771 Mortuerum
1353 3721 1386 3769 ti·

277 3793 384 3844 beretur
395 3799 421 3842 et
433 3799 633 3855 expurgaretur,
648 3794 753 3857 propris
769 3809 805 3860 re·
845 3793 1112 3859 bstiouesiuteiiigit‚
1133 3809 1195 3859 qnos
1219 3795 1313 3846 Greci
1339 3809 1390 3844 ru·

275 3871 397 3933 rigrsotrsm
408 3885 441 3918 ar
452 3868 597 3930 dicebatur,
613 3876 642 3918 et
653 3869 747 3920 milites
758 3869 804 3926 tur,
845 3876 906 3919 cent
915 3867 984 3932 χοάς.
1005 3871 1040 3920 Et
1051 3869 1117 3920 benc
1128 3883 1271 3934 respersum,
1283 3871 1392 3930 vinnm,

278 3947 323 4010 qni
342 3947 405 3996 iilud
423 3946 571 4008 emiserunt,
587 3959 635 3994 oers
649 3947 725 3996 diruti
737 3947 805 3996 dice·
846 3947 905 4012 quis
915 3961 947 3995 eo
962 3947 1107 4010 sepulcrum
1126 3947 1316 4010 spergebatur.
1355 3945 1392 3996 1·

281 4023 383 4072 buntur.
416 4020 692 4071 vide‘uirurnsaere:
709 4023 774 4070 Duc.
846 4021 897 4072 tine
919 4022 993 4071 deest
1016 4030 1182 4086 tentumque
1201 4037 1275 4074 scau
1285 4022 1395 4089 fiebat

312 4099 493 4163 ’Responsum
512 4099 807 4164 Rerpcumvinurusig-
846 4100 884 4150 dis
895 4112 963 4148 rouo.
982 4099 1050 4150 Dae.

279 4173 378 4237 nibcut,
405 4175 465 4240 uuis
489 4173 516 4224 io
541 4175 619 4225 sacris
642 4167 807 4226 Nouendioii·
