2934 4864
581 372 748 422 scnnnn.
1121 357 1204 424 1181

118 519 223 582 facta:
245 522 282 581 ut
297 516 425 580 Accius
447 517 482 579 ln
504 515 718 582 Hellenibus}
748 515 851 598 Signa
878 517 1048 602 extemplo
1076 537 1204 600 canere,

118 637 157 683 ac
170 618 237 683 tela
251 617 295 682 ob
310 619 435 683 moenia
453 611 568 682 offerre
586 618 737 701 imperat.
781 617 953 700 Significat
969 622 1068 684 etiam
1084 619 1205 690 officia.

119 719 260 784 Plautus
272 719 306 782 in
323 717 562 784 Neruolariar²
584 716 799 803 Prohibentq.
814 721 938 785 moenia
953 722 1031 798 alia,
1044 723 1131 789 unde
1144 745 1205 808 ego

117 820 254 903 sanger!
285 839 372 885 mea.
416 819 603 884 Murrinam
630 835 735 901 genus
781 865 791 883 .
835 866 844 886 .
890 867 897 882 .
943 869 951 888 .
996 821 1142 890 Manuos
1170 829 1205 891 in

118 919 288 986 carminib.
314 921 464 986 saecular.
486 920 599 984 AElius
629 920 716 984 Stilo
742 919 929 1002 significare
951 923 997 986 ait
1020 924 1147 991 bonos:
1172 935 1205 994 et

118 1022 216 1088 Inferi
238 1023 272 1086 di
296 1016 499 1104 Manesque
516 1023 595 1085 boni
611 1022 766 1087 dicuntur
779 1041 800 1086 a
815 1022 1085 1108 suppliciter-eos
1104 1046 1205 1092 rene-

115 1126 264 1189 rantibus
289 1129 426 1208 propter
449 1131 572 1188 metum
601 1124 731 1201 mertis,
759 1132 797 1187 ut
824 1125 987 1190 immanes
1014 1145 1114 1212 quoq.
1144 1148 1204 1212 pre

116 1226 210 1290 valde
226 1232 266 1291 n4
309 1270 318 1286 .
365 1271 373 1287 .
418 1272 427 1290 .
473 1269 482 1286 .
527 1225 692 1289 dicuntur.
737 1223 936 1292 Mnsccrrlas
951 1227 1060 1311 prima
1075 1229 1205 1311 syllaba

115 1328 278 1412 producta
298 1327 453 1392 dicebant
471 1327 603 1409 antiqui
618 1334 746 1392 stercus
760 1345 901 1392 murum.
944 1326 1098 1412 Mapalia
1113 1349 1204 1396 casn

114 1419 265 1494 Poenicae
281 1429 510 1512 appellantur:
533 1429 709 1511 inquibus
725 1430 804 1513 quia
824 1429 907 1492 nihil
928 1434 979 1494 est
1001 1433 1134 1508 secreti,
1150 1451 1204 1496 so·

114 1531 161 1596 let
180 1531 287 1595 solute
303 1531 491 1595 viventibus
512 1529 604 1594 obici
626 1530 660 1594 id
680 1531 889 1595 vccabulum.
933 1529 1020 1595 Cato
1034 1529 1204 1614 Originum

112 1632 200 1697 libro
217 1631 358 1715 quartur¹
381 1631 534 1715 Mapalia
547 1635 707 1696 vocantur
720 1632 780 1696 nbi
793 1631 961 1695 habitunt:
981 1651 1023 1696 ea
1037 1634 1133 1715 quasi
1146 1650 1205 1698 co·-

113 1733 224 1798 hertes
248 1733 396 1798 retnudae
423 1740 510 1797 sunt.
556 1732 710 1798 Metalli⁵
736 1733 900 1797 dicuntur'
914 1733 948 1796 in
973 1733 1048 1816 lege
1073 1735 1204 1800 militari

111 1836 213 1919 quasi
234 1834 435 1900 mercenarii.
478 1831 607 1898 Accius
629 1830 789 1897 Annalibw.
805 1847 935 1896 xxm.
978 1833 1134 1908 Calones,
1153 1836 1204 1901 l'a-

110 1936 228 2019 mnliq.
243 1933 416 2018 metalliq.⁶
438 1935 602 2018 caculaeq.
618 1953 638 1998 a
654 1953 722 2018 quc
737 1953 853 2016 genere
873 1931 1040 1997 hominnm
1055 1934 1204 2001 Caeciliae

110 2037 249 2104 familiae
258 2055 442 2119 cognomen
452 2043 550 2122 putat
561 2036 705 2101 ductum.
729 2034 854 2113 'Quod
864 2039 941 2098 est·
1001 2081 1010 2100 .
1098 2083 1106 2100 .
1193 2083 1202 2100 .

112 2183 120 2200 .
210 2185 219 2202 .
284 2137 424 2204 Manum
440 2144 474 2202 et
485 2136 861 2220 montannproverbium
872 2141 980 2200 estex
991 2134 1204 2202 Graeccduc·

109 2246 195 2317 lum,
220 2240 310 2322 quod
336 2245 400 2317 est,
420 2241 518 2302 πολλὰ
537 2237 646 2320 pinufii
666 2234 744 2330 criasi
767 2234 879 2310 κύλικος
905 2237 954 2298 καὶ
973 2233 1086 2321 χείλεος
1106 2241 1204 2322 ἄκρου.

110 2341 329 2406 Calchantem
339 2341 416 2407 ritis
431 2347 592 2406 serentem
603 2339 736 2424 quidam
748 2337 989 2420 angurvicinns
998 2341 1203 2420 praetcrieus,

108 2441 200 2507 dixit
213 2460 338 2506 enare:
359 2461 426 2506 nnn
443 2441 531 2505 enim
545 2442 575 2505 ei
590 2440 643 2505 fas
662 2459 738 2507 esse
754 2451 882 2504 novum
897 2439 1008 2503 vinnm
1096 2485 1104 2502 .
1194 2489 1203 2506 .

108 2541 318 2608 Minusculae
333 2543 551 2626 quinquatrus
565 2541 778 2624 appellantur
793 2540 875 2605 Idus
889 2538 968 2603 lun·
982 2538 1073 2622 quod
1089 2540 1118 2603 is
1132 2540 1204 2606 dies

107 2644 220 2708 festus
232 2649 284 2708 est
295 2644 479 2720 tibicinum,
488 2643 548 2725 qni
559 2642 675 2707 colunt
689 2641 895 2707 Minervam:
917 2639 1015 2722 cujus
1031 2640 1114 2705 Deae
1129 2661 1204 2724 pre·

95 2747 185 2828 *prie
213 2743 333 2809 iustus¹
348 2742 421 2809 dies
451 2751 506 2807 est
531 2743 761 2826 Quinquatrus
790 2761 903 2806 mense
933 2739 1070 2806 Martie.
1115 2741 1202 2807 Muli

106 2844 258 2910 Mariani
273 2844 341 2909 dici
365 2845 475 2909 solent
498 2865 519 2910 a
544 2843 592 2908 G.'
608 2841 696 2908 Mari
720 2844 883 2920 instituto,
905 2841 1003 2924 cnjus
1025 2842 1147 2906 milites
1167 2846 1202 2908 in

105 2947 209 3012 furca
220 2951 297 3011 sunt
309 2947 442 3029 posita⁷
465 2945 587 3010 tabella
601 2945 789 3010 varicosius
805 2961 907 3006 onera
922 2961 983 3006 sna
997 2950 1127 3026 portare
1148 2962 1201 3007 as-

141 3351 160 3396 2
177 3343 348 3394 infirm-r
364 3341 554 3405 alsungeu-«l
571 3339 624 3390 fin
635 3353 682 3388 aon
692 3339 814 3391 lenia-5
831 3337 1015 3392 Metelli—6
1031 3336 1208 3401 fimetelliq.-
1258 3329 1262 3342 ⁴

105 3415 123 3460 7
142 3409 165 3461 t'.
180 3408 337 3472 mpnmntn.
670 3444 677 3457 ,
