2934 4864
285 379 370 444 10oe
506 385 510 394 '
619 393 730 442 ssxrr
755 391 906 440 ronrau
932 393 1033 442 rssrr

283 535 353 614 [76]
366 536 425 599 ubi
438 536 597 600 incubare
610 539 727 618 posset
743 534 885 617 auspicii
907 535 1076 619 repetendi
1100 553 1232 599 eausa-
1263 535 1358 618 Roga.

282 637 332 699 tio
354 642 420 713 est,
444 655 518 700 cum
541 637 883 720 populusconsulitnr
906 636 948 699 de
966 656 1033 700 uno
1048 635 1359 721 plnrib.vehomini·

283 737 359 812 bus,
373 736 463 818 quod
479 757 544 801 non
555 738 604 801 ad
615 739 723 801 omnis
736 737 910 819 pertineat,
923 737 1010 801 etde
1023 755 1099 813 una,
1108 737 1288 819 -pluribve
1300 741 1357 802 reb.

288 838 332 901 de
348 839 440 920 quib.
454 857 518 901 non
542 840 664 903 omnib.
679 843 864 902 sanciatur:
883 857 958 902 nam
968 839 1063 921 quod
1082 840 1117 902 in
1136 857 1256 902 omnes
1270 839 1361 904 bomi-

284 959 354 1016 nes,
382 957 476 1003 resve
503 940 645 1023 populus
674 941 785 1017 scivit,
811 941 866 1004 lex
893 940 1092 1023 appellatur.
1109 941 1204 1024 itaq.
1251 939 1360 1006 Galim

286 1041 397 1104 AElius
413 1041 470 1116 uit,
485 1041 567 1104 inter
582 1041 685 1122 legem
708 1047 741 1104 et
762 1042 975 1122 rogationem·
986 1040 1050 1105 boc
1069 1041 1226 1104 interest:
1243 1043 1360 1122 rogatio

284 1148 337 1205 est
351 1161 451 1223 genus
466 1141 563 1222 legis,
577 1161 654 1224 quan
672 1141 730 1204 lex
751 1161 814 1205 non
831 1143 987 1206 continuo
1010 1161 1052 1204 ea
1073 1141 1201 1222 rogatio
1217 1148 1288 1206 est:
1310 1151 1359 1204 ΑΙ·

285 1261 351 1305 noo
368 1248 476 1324 potest
489 1261 557 1305 non
569 1261 645 1306 esse
660 1242 726 1318 lex,
741 1243 771 1305 si
787 1242 884 1306 modo
896 1243 999 1325 justis
1012 1242 1158 1305 comitiis
1170 1247 1287 1324 rogata
1304 1249 1362 1306 est.

286 1343 463 1407 Romulum
488 1342 621 1426 quidam
644 1361 665 1406 a
689 1342 755 1406 ficu
785 1341 950 1418 ruminali,
970 1341 1032 1405 alii
1052 1342 1141 1424 quod
1163 1341 1254 1424 lupae
1275 1361 1362 1405 rums

286 1445 431 1508 nutritus
447 1449 508 1521 est,
527 1443 731 1525 appellatum
755 1463 830 1507 esse
852 1443 1057 1527 ineptissime
1080 1443 1250 1506 dixerunt:
1270 1463 1363 1526 quern

284 1545 443 1609 credibile
457 1553 510 1607 est
520 1564 540 1610 a
552 1545 668 1608 virium
680 1543 912 1628 magnitudine,
922 1545 1003 1608 item
1018 1543 1146 1608 fratrem
1158 1544 1241 1627 ejus,
1250 1543 1362 1627 appel·

284 1644 382 1708 letos.
419 1643 569 1708 Romam
591 1645 794 1727 appellatam
808 1665 881 1708 esse
900 1643 1072 1726 Cephalon
1090 1643 1280 1726 Gergithius
1292 1645 1363 1728 (qni

285 1743 327 1807 de
344 1743 489 1808 adventu
500 1744 620 1810 AEneae
631 1747 664 1807 in
675 1745 807 1809 ltaliam
822 1745 949 1810 videtur
961 1744 1213 1827 conscribsisse)
1225 1754 1246 1792 ¹³
1261 1745 1362 1810 uitab

285 1845 577 1928 hominequodam
594 1848 715 1910 comite
730 1847 867 1911 AEneae:
893 1866 970 1910 eum
985 1846 1072 1910 euim
1084 1855 1221 1930 ocupato
1236 1855 1364 1923 munte,

286 1948 344 2030 qui
371 1965 457 2011 nunc
482 1947 636 2012 Palatius
649 1955 674 1995 ¹⁴
696 1947 829 2024 dicitur,
845 1949 960 2012 urbem
986 1948 1183 2024 condidisse,
1199 1955 1268 2029 atq.
1286 1967 1364 2010 earn

289 2047 443 2112 Rhomen
469 2049 671 2112 nominasse.
716 2047 939 2131 Apollodorus
953 2049 987 2112 in
1004 2047 1173 2112 Euxenide
1184 2048 1240 2123 ait,
1254 2048 1366 2111 AEnea

287 2155 320 2212 et
334 2149 583 2214 Laviniauatcs
600 2149 771 2232 Mayllem,
781 2150 922 2226 Mulum,
939 2149 1189 2231 Rhemumqne3
1208 2155 1309 2232 atque
1323 2150 1365 2213 ab
1463 2196 1464 2206 .

286 2249 420 2314 Rhome
436 2252 509 2314 urbi
525 2256 663 2315 tractum
679 2269 807 2315 nomen.
838 2251 991 2315 Alcimus
1001 2251 1049 2315 ait
1060 2249 1236 2330 Tyrrhenia
1245 2251 1367 2316 AEneae

285 2355 398 2413 natum
411 2351 516 2428 lilium
533 2351 716 2416 Romulum
730 2351 847 2430 luisse,
861 2358 929 2435 atq.
944 2371 985 2416 eo
996 2361 1101 2416 ortam
1117 2351 1236 2416 Albam
1248 2352 1368 2416 AEneae

285 2457 428 2530 neptem,
452 2453 548 2536 cujus
572 2452 658 2516 lilius
682 2453 811 2516 nomine
836 2452 990 2517 Rhodius
999 2460 1024 2500 ¹⁵
1050 2453 1235 2518 condiderit
1250 2453 1370 2516 urbem

287 2548 441 2614 Romam.
487 2550 671 2634 Antigonus
699 2552 832 2618 italicae
854 2553 1002 2619 historiae
1032 2555 1171 2618 scribtor
1196 2556 1253 2631 ait,
1275 2554 1372 2618 Rho-

284 2669 372 2714 mum
385 2653 551 2734 quendam
567 2654 709 2730 nomine,
722 2653 810 2719 Jove
830 2666 1039 2738 conceptum,
1054 2655 1165 2718 urbem
1180 2655 1374 2719 condidisse

284 2752 317 2814 in
333 2749 466 2816 Palatio
482 2752 615 2832 Romae,
633 2755 731 2839 eique
746 2754 879 2819 dedisse
894 2753 1023 2820 nomen.
1066 2755 1227 2820 Historiae
1244 2753 1376 2818 Cuma-

284 2871 338 2920 nae
352 2855 708 2938 compositorAlhenis
719 2856 883 2939 quosdam
892 2855 1063 2942 profectus
1076 2857 1251 2941 Sicyonem
1262 2855 1377 2920 Thes-

282 2957 465 3042 piadasq.¹⁶
487 2977 532 3022 ex
555 2959 644 3042 quib.
662 2977 761 3042 porro
775 2960 938 3025 civitatib.
955 2961 999 3024 ob
1014 2961 1162 3044 inopiam
1180 2959 1382 3024 domicilio-

284 3077 367 3137 rum,
390 3059 568 3142 compluris
593 3057 762 3142 proiectos
785 3060 820 3123 in
843 3069 979 3125 exteras
1000 3061 1157 3143 regiones,
1179 3059 1321 3124 delatos
1345 3061 1382 3124 in

232 3163 235 3168 “
282 3159 432 3236 ltaliam,
448 3179 540 3244 eosq.
554 3161 658 3224 multo
673 3179 783 3225 errore
798 3164 987 3227 nominatos
1003 3161 1213 3244 Aborigines,
1226 3180 1386 3244 qnorum

284 3260 430 3343 subJ'ecti
441 3261 501 3344 qui
516 3260 636 3325 suerint
651 3259 899 3349 Caeximperum
915 3266 989 3341 viri,
1001 3263 1235 3346 unicarumque
1248 3264 1387 3328 virium

284 3361 425 3442 imperio
451 3369 596 3425 montem
617 3361 799 3440 Palatium,
823 3365 856 3428 in
877 3385 944 3448 quo
968 3364 1225 3448 frequentissimi
1250 3383 1391 3428 couse-

285 3461 403 3538 derint,
429 3462 649 3545 appellavisse
679 3485 700 3530 a
724 3467 849 3530 viribus
878 3468 1017 3548 regentis
1047 3464 1252 3529 Valentiam:
1279 3467 1391 3548 quod

284 3559 358 3642 [77]
389 3580 508 3626 nomen
532 3563 679 3629 adventu
702 3565 849 3630 Evandri
873 3567 1058 3650 AEueaeque
1081 3567 1114 3629 in
1136 3565 1272 3630 ltaliam
1300 3587 1396 3633 eum

285 3681 404 3744 magna
427 3661 547 3728 Graece
569 3664 771 3748 loquentium
795 3668 895 3751 copia
914 3668 1171 3752 interpretatum,
1191 3666 1263 3730 dici
1278 3687 1395 3752 coep-
1461 3674 1464 3717 ι’

286 3773 353 3829 tum
372 3762 535 3827 Rhomen.
581 3762 781 3847 Agathocles
804 3766 1040 3850 Cyzicenorum
1063 3787 1173 3832 rerum
1201 3773 1400 3834 conscrib·
1463 3816 1464 3840 .

286 3872 338 3929 tur
365 3865 425 3942 ait,
440 3866 599 3930 vaticinio
627 3867 746 3932 Heleni
766 3870 936 3952 inpulsum
963 3869 1112 3945 AEneam,
1136 3868 1270 3932 Italiam
1293 3876 1400 3953 peti·
1461 3896 1464 3931 r

736 4031 921 4056 mmm?

317 4125 347 4171 ra
374 4121 419 4171 tr
430 4125 596 4184 egem-rr
611 4125 716 4192 ().-1r
734 4128 899 4195 armam,
912 4130 953 4181 vel
968 4127 1163 4180 Parem-1⁵
1193 4127 1216 4181 t.
1228 4129 1407 4190 iti-nu.-

287 4187 319 4230 lu
334 4183 354 4232 f.
365 4185 527 4248 stupidoque.
