2880 4862
204 407 252 456 DE
275 407 483 458 VBRBORUH
506 407 816 460 sturitatoautottlt
841 413 915 464 uta.
938 413 1037 465 XVll·
1106 401 1171 468 885

123 561 281 631 mescuut,
293 561 333 618 ut
347 553 563 620 fraterculare
585 575 771 640 puerorum.
815 557 956 624 Plautus
971 559 1004 624 iu
1019 560 1172 628 Fribula·

123 656 168 718 ria
180 664 210 718 :¹
237 653 322 718 Turre
343 656 538 720 sororiabant
559 658 698 742 papillae
721 658 900 744 primulum,
915 659 968 724 aed
987 661 1068 726 illud
1082 667 1171 730 volui

123 759 240 833 dicere,
245 756 516 844 fraterculabant,
538 759 616 847 quid
628 781 714 845 opus
730 766 782 827 est
795 760 901 827 verbis
915 763 1033 826 multis.

89 858 268 924 Sororiure¹
287 867 448 929 'mammea
464 862 630 928 dicuutur·
642 863 838 948 puellarum,
862 883 938 932 cum
952 867 1021 948 pri·
1034 869 1170 951 [Paua.

124 983 208 1026 mum
224 967 424 1029 tumescunt.

89 1063 250 1129 Sororium
268 1065 407 1149 tigillum
421 1067 654 1152 appellabatur
668 1068 764 1134 locus
781 1088 874 1134 sacer
887 1069 921 1133 iu
940 1070 1095 1136 honorem
1110 1073 1134 1138 J
1136 1092 1174 1137 u·

125 1171 232 1245 nouis,
247 1187 344 1252 quem
370 1169 537 1236 Horatius
560 1171 698 1256 quidam
721 1176 881 1237 statuerat
895 1191 1001 1238 causa
1014 1176 1137 1240 sororia
1154 1195 1176 1240 a

126 1289 160 1332 se
173 1271 368 1349 interfectae,
381 1273 426 1337 ob
441 1292 537 1338 suam
553 1273 792 1357 expiationem.

89 1371 251 1436 Sororium
270 1372 436 1456 tigillum?
463 1377 651 1461 appellatur
670 1376 735 1441 hac
757 1376 800 1442 dc
823 1397 948 1443 causa:
970 1397 1013 1442 ex
1050 1379 1177 1463 [assu.
1243 1403 1247 1414 ·

125 1475 347 1540 conventione
362 1476 455 1542 Tulli
469 1478 607 1543 Hostilii
623 1477 731 1561 Regis
752 1485 785 1545 et
809 1480 908 1544 Melit
923 1477 1054 1544 Suffetii
1066 1478 1095 1528 ²¹
1116 1481 1177 1546 du·

125 1577 174 1640 cis
189 1575 410 1650 Albanorum,
425 1579 606 1662 Trigemiui
631 1581 766 1646 Horatii
787 1589 822 1646 et
842 1581 1010 1648 Curiatii⁴
1035 1599 1111 1647 cum
1126 1583 1179 1650 di·

124 1679 318 1756 micasseut,
334 1689 373 1745 ut
385 1683 532 1747 victores
547 1691 740 1768 sequeretur
754 1685 937 1768 imperium,
958 1692 992 1749 et
1013 1684 1177 1750 Horatius

125 1787 239 1844 uester
253 1789 502 1866 exsuperasset,
527 1785 702 1868 victorque
725 1784 858 1849 domum
878 1793 1103 1864 reverteretur,
1118 1788 1178 1851 ob-

125 1884 180 1947 via
194 1903 300 1962 soror,
317 1887 448 1967 cognita
462 1893 566 1950 morte
581 1887 712 1969 spousi,
735 1887 788 1951 sui
808 1886 919 1951 fratris
945 1905 1044 1951 uranu
1063 1889 1179 1966 occisi,

126 1993 282 2051 aversata
295 1996 348 2052 cst
361 1987 436 2070 ejus
453 1989 624 2069 osculum;
638 2008 705 2072 quc
719 1989 853 2053 nomine
866 1988 1032 2054 Horatius
1048 1987 1181 2052 iutcrse·

126 2089 281 2152 niteam:
307 2109 495 2175 quanquam
511 2099 643 2176 epatre
669 2091 843 2156 absolutus
866 2091 1003 2155 sceleris
1018 2097 1099 2168 erat,
1123 2109 1180 2154 ac·

125 2197 267 2256 casatus
277 2197 388 2257 tamen
403 2192 573 2276 parricidii
589 2192 680 2277 apud
693 2192 912 2270 Duumviros,
922 2193 1181 2274 damnatusque,

125 2294 326 2375 provocavit
339 2294 383 2358 ad
399 2295 573 2379 populum,
589 2293 688 2378 cujus
705 2293 838 2378 judicio
851 2295 959 2359 victor
982 2293 1050 2358 duo
1073 2291 1183 2375 tigilla

126 2397 225 2460 tertio
253 2396 457 2481 superjecto,
472 2417 548 2482 quaa
564 2403 660 2481 pater
677 2397 753 2482 ejus
770 2397 998 2475 constituerat,
1013 2396 1105 2460 velut
1120 2396 1182 2459 sub

122 2497 244 2580 jugum
260 2499 384 2564 missus
399 2499 501 2576 subit,
516 2501 792 2583 consecratisque
817 2501 865 2564 ibi
889 2499 956 2564 aris
979 2499 1003 2564 J
1006 2498 1105 2563 unuui
1121 2497 1183 2562 So·

124 2601 225 2665 rorice
243 2605 278 2664 et
291 2600 315 2665 J
316 2620 382 2664 auo
397 2599 560 2672 Curiatio,
573 2602 734 2667 liberatus
750 2602 840 2667 omui
854 2603 962 2666 noxia
977 2601 1115 2682 sceleris
1130 2606 1184 2664 est

126 2704 275 2784 auguriis
290 2703 555 2788 approbantibus
568 2723 578 2785 ς
600 2723 646 2768 ex
663 2723 730 2788 quo
746 2705 911 2771 sororium
927 2703 962 2768 id
974 2702 1116 2788 tigillum
1130 2708 1185 2766 eat

125 2805 350 2890 appellatum.

547 2967 724 2988 munomo

114 3088 125 3131 1
147 3083 199 3133 Vir
210 3081 281 3131 icet.
301 3081 327 3130 iu
344 3095 426 3144 marg.
444 3081 486 3134 ed.
504 3081 573 3132 Scal.
592 3081 662 3146 conj.
680 3082 875 3132 Friuolaria-²
890 3081 953 3130 Vct.
972 3078 1019 3130 lib.
1038 3077 1186 3129 sororia.-

81 3150 96 3194 3
113 3148 177 3198 Ver.
192 3147 252 3198 eud.
264 3146 341 3196 Matri
355 3145 463 3197 Furitii.
497 3148 567 3197 Vide
578 3146 674 3196 iub-t
691 3147 753 3196 liet.
765 3147 821 3196 cod.
835 3145 929 3194 cauti.

586 3341 693 3394 NOTAE

77 3465 143 3510 aar.
156 3461 227 3522 «4¹¹8-
659 3456 723 3508 cidit
733 3473 741 3518 ;
765 3471 845 3523 quara
867 3456 935 3520 apud
957 3455 1112 3507 Dorrmrirou
1128 3471 1188 3508 ccu-

103 3533 620 3599 Somrunfftautualtrtbetortss‘rnue
659 3534 804 3590 demuntur,
830 3531 862 3582 aul
883 3533 1005 3596 populum
1028 3535 1188 3598 provocavit,

75 3614 193 3676 papillae
209 3611 330 3675 primitur
341 3610 571 3662 Fraterculabautr
590 3610 620 3660 il·
660 3609 704 3660 ubl
719 3611 809 3674 patrlia
828 3610 946 3674 lacrymis
965 3609 1133 3667 condonatus,
1155 3609 1189 3660 ab

76 3688 124 3736 lud
151 3688 228 3737 volui
248 3687 337 3735 «liuere
355 3685 538 3746 sororiabant:
560 3686 621 3752 quiri
661 3701 693 3738 co
704 3687 826 3752 expiandi
839 3687 922 3753 gratia
940 3688 989 3736 rub
1006 3687 1114 3751 tigillum
1129 3687 1190 3736 mis·

73 3779 148 3829 opus
162 3771 211 3813 eat
220 3761 307 3811 rerbia
316 3761 334 3811 ἰ·
344 3764 396 3812 baa.
406 3764 472 3814 Scol.
661 3779 714 3822 aua,
726 3766 796 3828 quod
812 3779 879 3828 nuuc
898 3779 1000 3831 quoquc
1012 3765 1059 3813 vire
1072 3763 1189 3826 supposi-

108 3840 264 3904 Sor-crine]
282 3839 373 3910 vitel·
386 3839 522 3889 Fratrarel
538 3840 599 3890 Duc.
662 3841 860 3902 temporarium
872 3837 1035 3904 apportatur:
1059 3837 1190 3886 Sororium

106 3917 277 3966 *Sororium
290 3914 405 3977 tigillum
432 3916 519 3967 Aurei.
531 3918 624 3968 Victor
662 3916 772 3980 tigillum
794 3915 820 3964 ln
843 3918 948 3980 regiona
969 3921 1063 3978 quarta
1079 3913 1192 3963 collocat

69 3995 108 4044 ‹le
130 3994 204 4041 viria
222 3989 378 4040 illustribuar
395 3991 449 4040 ‘Et
465 4005 523 4040 cucr
535 3992 624 4056 apolila
662 3993 761 4041 Victor.
779 3989 854 4040 luera.

69 4077 198 4118 oueutna
220 4064 337 4126 rediret'
359 4064 514 4130 (Horatius)
536 4071 625 4116 ‘mrc-
698 4063 789 4116 ¹Metii
802 4063 914 4131 Suffetir]
931 4064 1052 4127 ltasupa
1064 4063 1191 4127 scriptam

68 4161 132 4198 rem
146 4143 260 4193 obviam
272 4141 372 4204 babuit,
382 4140 440 4206 qua
452 4142 506 4191 riso
519 4143 624 4205 paluda·
662 4144 793 4193 iurauitur
804 4144 853 4192 lroc
864 4155 966 4198 aoruca,
983 4138 1029 4188 aad
1046 4139 1140 4202 ubique
1153 4153 1193 4189 re·

68 4229 178 4273 mento
192 4217 283 4282 apcuai
295 4217 347 4280 arri,
359 4217 402 4280 qui
415 4231 479 4266 auca
491 4231 524 4267 ex
536 4217 626 4266 Curia·
667 4217 831 4269 scribendum
844 4215 1027 4276 MctiiFaictii.
1060 4217 1125 4266 Nam
1137 4221 1193 4265 boa·

67 4302 119 4353 tiis
133 4293 292 4362 erat‚tlera
309 4293 407 4359 capit:
423 4293 574 4345 iratereaur
585 4309 626 4346 oc·
667 4292 750 4358 otras
760 4293 848 4345 Greci
860 4300 964 4343 vocant.
980 4292 1057 4342 luem.
