2920 4848
224 320 292 389 542
508 303 509 307 ¹
559 333 673 384 snxm
698 310 851 385 seusun
876 335 983 388 rasni

269 477 439 560 inclinent,
461 479 716 566 precipitesque
730 482 764 548 in
779 482 995 566 catenantur.
1039 481 1260 564 oscillantes,
1274 483 1328 551 alt

270 581 481 661 comitiolus,
506 585 550 649 ab
573 603 616 649 eo
632 584 723 668 quod
738 605 777 649 os
792 585 902 650 celere
916 584 1007 650 soliti
1023 585 1202 669 personis⁷
1223 605 1328 672 prop-

271 693 322 750 ter
336 685 583 765 verecundiam,
608 687 667 770 qui
681 705 723 752 eo
738 707 856 769 genere
870 687 967 751 lusus
983 686 1167 752 utebantur.
1211 686 1329 752 Causa

270 795 383 853 entem
396 787 468 872 ejus
477 787 674 872 jactationis
688 787 841 872 proditur
853 787 995 854 Latinus
1007 807 1078 865 rex,
1091 787 1181 871 quod
1196 788 1329 872 prelio,

270 888 360 972 quod
383 889 414 954 ei
436 889 500 954 fuit
523 889 686 955 adversus
710 889 914 955 Mezentium
929 889 1087 956 Centum
1102 909 1222 973 regem,
1244 909 1329 954 nus-

268 1011 370 1076 quem
386 995 590 1076 apperuerit,
606 992 844 1078 judicatusque
859 992 904 1058 sit
915 991 1076 1075 luppiter
1088 991 1198 1057 factus
1209 991 1332 1058 Iatin-

268 1094 327 1160 rie·
372 1094 491 1180 Itaque
506 1115 565 1179 per
579 1115 641 1160 sex
655 1113 716 1160 eos
730 1095 815 1173 (lies,
827 1094 965 1159 feriatos
980 1093 1118 1173 liberos,
1140 1111 1328 1178 servosque

269 1197 437 1280 requirere
451 1217 540 1277 eum,
552 1217 621 1262 non
637 1198 744 1263 solnm
758 1197 914 1275 interris,
935 1195 995 1260 sed
1011 1197 1126 1274 etiem,
1140 1196 1220 1281 quia
1233 1195 1330 1262 vide·

269 1307 359 1364 retur
380 1301 503 1365 coelum
525 1319 625 1384 posse
646 1299 731 1364 adiri
755 1318 818 1382 per
836 1297 1090 1376 oscillationem,
1105 1299 1197 1364 velut
1209 1298 1332 1382 imagi·

270 1419 346 1465 nem
363 1400 530 1486 quendam
540 1402 619 1468 vitae
633 1403 799 1480 humanm,
815 1401 849 1466 in
860 1419 931 1484 qne
941 1399 1107 1466 altissima
1118 1399 1162 1466 ad
1176 1401 1331 1466 infimum

270 1502 449 1580 interdum,
478 1502 594 1568 infima
621 1503 665 1568 ad
692 1522 857 1568 summum
886 1502 1085 1568 efferuntur:
1115 1509 1219 1587 atque
1244 1502 1330 1567 ideo

269 1605 466 1670 memoriam
492 1623 627 1688 quoque
647 1605 864 1689 redintegrari
888 1605 986 1670 initio
1002 1609 1153 1689 accepta
1167 1604 1248 1670 vitm
1262 1625 1332 1690 par

269 1713 381 1772 motus
396 1705 579 1784 cunarum,⁸
600 1706 768 1790 lectisque
783 1707 987 1786 alimentum,
1001 1705 1084 1790 qnia
1096 1725 1159 1790 per
1173 1725 1234 1772 eos
1249 1706 1332 1772 dies

269 1805 439 1884 feriarum,
464 1814 500 1871 et
513 1807 642 1872 oscillis
656 1815 866 1888 moveantur,
888 1815 924 1872 et
937 1808 1066 1874 lactata
1078 1807 1214 1892 potione
1228 1814 1332 1874 umn-

269 1916 334 1974 tur.
378 1907 454 1973 Nec
484 1908 614 1988 desunt,
640 1911 699 1992 qui
721 1911 910 1994 exemplum
933 1910 1155 1976 Graecorumu
1185 1915 1330 1976 secutos

270 2014 388 2094 putent
402 2009 556 2088 Italicos,
571 2012 664 2095 qnod
677 2011 724 2076 illi
740 2031 873 2096 quoque
888 2012 1008 2097 injuria
1022 2010 1199 2078 interfecto
1215 2011 1333 2090 Icaro,

270 2109 413 2192 Erigone
427 2109 544 2175 filia'
513 2131 589 2195 eJus
604 2111 718 2178 dolore
730 2112 877 2197 impulsa
889 2111 1073 2198 suspendio
1088 2114 1245 2199 perisset,
1260 2131 1333 2196 per

269 2211 526 2280 simuletionem.

227 2414 393 2480 Oscines¹
416 2425 520 2483 eves⁹
541 2415 679 2501 Appius
693 2417 856 2484 Claudius
869 2438 947 2484 esse
963 2419 1022 2497 ait,
1036 2437 1114 2502 qnae
1129 2437 1186 2483 ore
1202 2437 1332 2486 canen·

684 2579 865 2602 ”umorue

257 2667 274 2714 7
292 2661 343 2714 Ed.
353 2661 423 2713 Scel.
438 2663 629 2727 qmslmeelars
644 2663 695 2714 siet
710 2660 1171 2726 alumnumalumnum
1189 2661 1240 2714 ster
1257 2661 1333 2714 erist

222 2727 1103 2859 ustuiresensumsensurn,eut·
1119 2726 1282 2868 Μ
1276 2727 1332 2800 o

723 2955 831 3008 Nonis

225 3068 345 3130 personis
355 3069 498 3136 Virgilius:
515 3071 639 3138 ‘Oraque
650 3071 753 3124 cortici·
796 3075 832 3120 ts.
865 3069 934 3121 vide
950 3071 1063 3136 Hesycin
1079 3070 1106 3121 ln
1122 3069 1202 3136 depe.
1234 3070 1267 3122 ln
1283 3069 1332 3134 iis,

164 3165 171 3176 ·
226 3142 654 3201 nessumunrhorrendscmrtr.’
685 3149 755 3198 ‘0s·
794 3144 856 3197 fone
875 3147 909 3197 de
929 3146 1002 3210 tigno
1025 3148 1066 3198 rel
1088 3147 1183 3198 arbore
1205 3146 1334 3211 religato,

226 3217 289 3269 eills
299 3233 333 3270 ex
343 3221 399 3271 elta
410 3223 571 3286 suspendant
581 3224 669 3275 mollis
679 3237 755 3290 quer·
795 3224 836 3273 sel
847 3223 927 3274 etlam
938 3231 1085 3274 transverso
1097 3225 1168 3288 tigno
1183 3223 1216 3274 tls
1231 3223 1334 3274 arbore

226 3309 269 3346 ca.
285 3294 395 3362 [pinn.]'
420 3299 541 3351 Meminit
551 3307 579 3352 et
591 3301 698 3351 Mauros
705 3301 755 3351 Te·
794 3311 927 3362 suspenso,
947 3299 974 3348 in
993 3298 1054 3349 aire
1072 3298 1159 3350 librali
1178 3313 1278 3349 sursum
1294 3307 1331 3352 et

225 3372 367 3423 sentirent.
399 3374 539 3427 nemete
553 3379 618 3427 satis
635 3376 755 3428 ineusc-
795 3371 1085 3424 deorsnml'erebantnr.
1111 3373 1331 3426 Dictecsrltloeb

225 3446 296 3496 nium
307 3461 376 3499 anno
393 3452 533 3514 superiore.
565 3453 654 3506 Quare
670 3452 699 3503 sl
715 3468 756 3503 ce·
794 3463 836 3498 ιιι
845 3454 873 3498 et
883 3449 959 3513 duro,
971 3463 1068 3500 moseo.
1084 3449 1147 3500 Der.

225 3535 311 3572 acrasi
332 3523 467 3585 insuetae
487 3527 560 3579 docti
582 3530 632 3578 riri
653 3535 755 3580 mutare
828 3533 841 3560 ¹
860 3527 909 3576 Nec
921 3527 1014 3591 aust,
1029 3527 1070 3591 qai
1083 3529 1214 3592 sumptura
1226 3527 1331 3578 craco-

226 3598 365 3662 soluerlut,
376 3615 426 3650 non
439 3601 522 3654 rideo.
538 3605 591 3654 aas.
601 3605 663 3656 scat.
795 3601 860 3665 ιιιιιι]
875 3601 977 3665 Nempe
987 3600 1200 3654 Atheniensium:
1216 3617 1275 3668 qius
1287 3605 1334 3654 in-

261 3675 390 3740 Oreilless]
409 3678 508 3742 oscilla,
520 3679 586 3731 terra
596 3681 623 3730 tn
633 3681 755 3732 honorem
795 3673 838 3725 fra
858 3675 954 3726 desunt
971 3677 1009 3727 sie
1029 3677 1175 3742 srspplende
1196 3678 1334 3731 arbitror:

226 3749 296 3800 Icari
317 3758 346 3801 et
365 3752 492 3816 Erigones
508 3754 541 3804 ah
559 3755 757 3808 Atheniensibus
794 3752 1019 3814 thwsllm
1027 3755 1149 3818 mutili
1160 3755 1222 3805 diem
1231 3755 1333 3814 sem

226 3825 361 3892 institutas
378 3829 435 3878 eliis
457 3829 626 3880 inhonorem
648 3833 756 3884 Bacchi.
794 3827 949 3877 mucoso
966 3827 1137 3880 taststserure
1157 3837 1239 3880 toltm
1256 3831 1332 3882 hmo
1405 3869 1408 3874 ·

225 3901 300 3965 virg.
311 3917 343 3954 ιι.
355 3904 453 3967 Georg.
469 3907 479 3937 s
490 3905 597 3971 Oraque
614 3907 755 3958 corticibus
795 3903 929 3954 historiam
941 3903 999 3955 fuse
1009 3906 1127 3971 Hyginus
1138 3905 1228 3958 fabule
1238 3921 1333 3963 cxxx.

224 3985 332 4029 sumunt
342 3980 470 4031 horrenda
480 3982 587 4046 ceratis,
598 3982 633 4032 Et
643 3989 679 4040 te,
689 3985 756 4034 Bac·
795 3977 864 4029 viee
881 3979 1191 4049 eramusmaerore.
1206 3984 1265 4035 loca
1282 3999 1333 4035 ιιι-

226 4051 284 4108 ena,
293 4062 389 4105 recent
400 4070 447 4119 per
457 4056 571 4107 carmine
579 4057 756 4124 latentique
796 4070 844 4121 pre
860 4056 973 4107 laudato.
991 4059 1065 4108 Irim

226 4125 328 4176 Ornilla
348 4143 382 4178 ex
404 4130 458 4180 elta
484 4131 647 4196 smpentlunt
668 4133 756 4184 mollia
826 4133 963 4198 ¹Oreiner]
979 4133 1060 4184 Picus
1069 4135 1192 4186 Ferocius
1204 4135 1291 4188 dietas
1310 4153 1332 4190 ι

226 4214 334 4268 quercu.
350 4202 456 4268 [pianr
489 4205 682 4272 Greclsstnper
700 4209 755 4262 dis·
795 4209 956 4276 Feroniam
969 4213 1211 4267 Martiusalisrte.
1245 4215 1333 4268 Pern-
