2934 4864
451 817 874 939 SCHEDAE

231 1135 390 1229 enin
433 1140 619 1274 nasu
663 1141 1095 1235 naannnnuo

521 1415 824 1494 DE'I'RACPAE

180 1699 313 1766 APUD
337 1701 639 1770 POMPONIUM
663 1703 845 1770 LAETUM
872 1703 1154 1772 ΕΧΤΑΒΑΝΤ.

116 2187 215 2268 [167]
239 2187 438 2253 Manubiae·
459 2187 559 2253 Jovis
582 2196 652 2252 tres
677 2189 856 2253 creduntur
870 2207 955 2266 esse,
976 2208 1114 2272 quarum
1137 2206 1213 2254 unae

115 2289 188 2352 sint
208 2289 466 2375 minimae,.quae
492 2295 647 2354 moneant
671 2289 948 2372 placataeq..aint.
990 2289 1113 2355 Altera)
1137 2309 1214 2374 quae

114 2390 263 2473 majores
278 2395 364 2468 sunt,
380 2411 420 2456 ac
435 2391 571 2456 veniant
585 2411 661 2456 cum
677 2389 815 2472 fragore,
830 2391 1076 2474 discutiantque
1092 2398 1152 2456 aut
1167 2390 1217 2454 di-

87 2511 92 2518 ·
113 2490 249 2556 vellant
263 2511 341 2576 quae
364 2510 386 2556 a
407 2491 496 2556 Jove
520 2493 596 2570 sint,
616 2498 651 2556 at
672 2487 817 2557 consiliu
836 2493 984 2557 Deorum
998 2493 1083 2557 mitti
1099 2492 1215 2557 existi-

113 2597 260 2658 mentur.
302 2592 425 2657 Tertiae
446 2591 498 2656 his
518 2591 712 2675 ampliores,
728 2612 805 2676 qnae
825 2613 898 2660 eum
914 2595 992 2676 igne
1008 2594 1157 2659 veniant:
1180 2601 1216 2660 et

114 2713 312 2778 quanquam
321 2693 444 2758 nullum
454 2694 524 2758 eine
536 2695 614 2776 igne
626 2687 737 2777 fulgur
751 2695 808 2773 sit,
823 2695 876 2760 hae
886 2697 1053 2780 propriam
1064 2695 1216 2762 differen-

113 2798 199 2862 tiam
215 2795 370 2873 habeant,
386 2813 462 2879 quae
479 2800 538 2859 ant
549 2787 699 2870 adunant,
716 2801 774 2859 ant
792 2795 927 2879 fuligine
945 2796 1140 2874 deforment,
1157 2806 1215 2862 ant

113 2891 317 2977 accendant,
332 2915 408 2982 qnae
430 2889 552 2962 etatum
578 2901 705 2959 mutent
723 2889 872 2961 Deorum
895 2896 1039 2960 consitio
1062 2893 1215 2979 superio-

113 3019 204 3064 rum.
250 2999 385 3064 Manias
408 2998 518 3062 AEliue
541 2997 626 3062 Stilo
650 2996 734 3060 dicit
759 2997 838 3060 ficta
864 3005 961 3079 quae¹
987 3017 1030 3061 ex
1054 2995 1162 3062 farina
1181 2999 1214 3062 in

114 3095 290 3166 hominum
308 3101 444 3186 figurae,
460 3100 541 3184 quia
559 3093 675 3181 turpes
695 3097 788 3177 fiant,
804 3118 888 3183 quas
902 3097 960 3162 aiii
975 3098 1138 3164 maniolas
1155 3119 1214 3182 ap-

115 3196 252 3287 peliant.
296 3201 430 3267 Manias
452 3211 573 3279 antem,
588 3219 675 3284 quae
693 3193 838 3264 nutrices
861 3201 1046 3264 minitentur
1065 3200 1214 3282 parvulis

116 3306 233 3387 pueris
247 3325 321 3370 esse
336 3306 460 3382 larvas,
475 3304 509 3368 id
531 3309 592 3380 eat,
613 3321 726 3367 manes
752 3303 846 3366 Deos
869 3301 994 3384 Deasq.
1011 3302 1068 3382 qui
1089 3309 1150 3365 aut
1169 3301 1213 3366 ab

116 3405 238 3470 inieris
252 3407 294 3471 ad
311 3426 454 3490 superes
474 3401 623 3478 manant,
638 3409 697 3468 ant
711 3401 828 3468 Mania
843 3407 895 3467 est
910 3420 1026 3467 eorum
1047 3401 1126 3467 avia
1144 3399 1214 3468 nna·

155 3691 168 3734 l
188 3685 207 3736 f.
224 3689 339 3749 quadum.

616 3817 726 3869 ⁸0⁶1·AE

154 3919 167 3946 ¹
183 3908 315 3972 Mutua]
341 3909 427 3959 Aaron
447 3911 473 3960 in
492 3911 587 3962 iierat.
605 3911 647 3962 od.
687 3924 747 3962 num
760 3906 1213 3960 manubiuadieizietiniib.11.‘in

117 3993 148 4038 2.
168 3987 212 4036 tin.
224 4000 243 4037 1.
258 3983 374 4035 ‘Omnen
392 3986 518 4037 manubia
534 3988 601 4038 tibae
619 3997 647 4036 at
687 3986 842 4052 equinoctio
854 3983 953 4033 verneti
973 3984 1100 4034 manubiae
1114 3985 1214 4034 Miner-

117 4065 202 4127 nigra
212 4075 270 4111 ansa
281 4061 414 4124 dicuntur,
429 4061 504 4113 tovi·
523 4065 601 4114 rubra
619 4071 648 4113 at
688 4064 766 4113 vales.
779 4061 796 4108 i.
807 4059 914 4110 fulmina
932 4067 1100 4124 tempemtet
1117 4062 1215 4124 gravia·

117 4135 280 4204 sanguinea-⁸
313 4136 386 4188 Serv.
399 4137 423 4186 in
433 4137 477 4188 tib.
489 4152 509 4189 1.
521 4139 579 4188 AEn.
597 4139 646 4190 ‘In
687 4138 763 4187 sinnas
784 4133 964 4186 commovent.'
1009 4133 1075 4186 Vide
1096 4135 1121 4186 in
1141 4136 1215 4185 *Τή-

117 4214 194 4264 ituri·
207 4213 373 4263 Etruscorum
394 4213 488 4264 iactum
507 4222 546 4265 eat
563 4213 647 4266 fulmi·
688 4210 792 4262 sulcum’
804 4223 891 4275 supra.
