2934 4864
534 399 701 450 sunnon.
1077 387 1163 456 1185

74 539 249 623 spoliorum
264 539 378 604 talem.
421 536 528 621 Cujus
548 543 704 624 auspicio
725 542 834 606 classe
852 543 1023 628 procincta
1041 545 1160 628 opima

75 641 182 723 spolia
208 641 396 722 capiuntur,
420 637 500 702 Jovi
533 638 681 704 Feretrio
708 641 814 706 darier
839 649 1003 726 oporteat,
1033 654 1067 710 et
1097 647 1158 710 bo-

73 761 142 806 vem
163 742 307 820 caedito3
329 741 385 823 qui
407 741 499 821 cepit
520 741 597 804 aeris
627 759 678 804 ec.
711 741 859 806 secunda
880 745 990 826 spolia
1010 746 1044 807 in
1068 747 1159 812 blor-

74 845 114 907 tis
142 862 239 907 aram
264 843 300 904 in
329 859 462 922 campo,
495 840 697 906 solitaurilia
727 850 800 906 utra
829 845 980 922 voluerit,
1017 845 1158 912 caeditoz

72 944 164 1008 tertia
192 943 303 1026 spolia
327 939 463 1005 Janui¹⁶
497 939 637 1019 Quirino
666 961 787 1025 agnum
812 963 934 1008 marem
964 946 1095 1011 caedito.
1126 969 1157 1012 c.

71 1047 125 1128 qui
144 1045 268 1127 ceperit
288 1063 335 1108 ex
355 1063 421 1108 aere
442 1043 543 1121 dato;
565 1043 661 1126 cnjus
686 1046 843 1126 auspicio
857 1053 957 1131 capta
972 1046 1025 1110 dis
1040 1049 1158 1131 piacu-

68 1140 134 1208 lum
154 1145 251 1210 dato:
273 1144 370 1227 hujus
392 1144 476 1209 aedis
498 1144 556 1208 lex
575 1143 668 1208 nulla
688 1150 801 1225 extnt;
821 1165 896 1230 neq.
919 1148 1078 1232 templum
1100 1150 1158 1214 ba·

69 1248 145 1310 beat
160 1253 262 1328 neq.¹⁷
278 1246 389 1309 scitur·
434 1243 483 1310 Ut
493 1243 551 1327 qui
562 1245 692 1327 optima
702 1245 775 1328 lege
789 1246 939 1311 suerint¹⁸
955 1247 1044 1312 adici
1058 1251 1155 1328 solet,

68 1345 289 1430 comquidam
300 1348 513 1427 magistratus
525 1351 680 1408 creantur
762 1388 770 1407 .
859 1389 866 1406 .
931 1383 963 1406 -.
1053 1393 1060 1408 .
1147 1399 1156 1416 ,

69 1445 241 1512 Obscumb
262 1445 344 1510 duas
373 1445 535 1524 diversas,
558 1453 594 1508 et
615 1447 796 1511 contrarias
818 1447 1077 1529 significationes
1098 1449 1157 1514 ba·

66 1547 140 1612 bet:
172 1565 246 1610 nam
277 1545 432 1612 Cloatius
460 1554 558 1629 putat
586 1565 626 1610 eo
654 1547 821 1610 vocabolo
852 1547 944 1630 [175]
978 1549 1156 1630 significari

66 1668 208 1724 sacroru,
224 1667 290 1731 qno
305 1649 404 1712 etiam
427 1647 519 1728 leges
540 1665 646 1711 sacrae
668 1646 819 1711 obscatae
832 1655 856 1698 ¹⁹
878 1649 1047 1714 dicontur:
1069 1656 1102 1714 et
1122 1651 1156 1714 in

65 1750 217 1812 omnibus
239 1749 309 1812 sere
330 1748 479 1830 antiquis
494 1748 742 1812 commentariis
757 1748 910 1812 scribitur
929 1746 1072 1832 Opicum
1093 1769 1155 1832 pro

64 1848 193 1927 Obsco,
218 1856 256 1912 ot
282 1851 314 1912 in
337 1848 441 1912 Titini
462 1846 578 1910 sabula
593 1846 730 1929 quinta:
753 1846 822 1926 Qui
844 1849 947 1912 obsce
967 1856 1003 1912 et
1027 1847 1154 1914 Volsca

63 1948 266 2026 fabulantur,
289 1969 368 2014 nam
390 1949 508 2012 Latine
528 1950 696 2013 nesciunt:
718 1967 739 2012 a
761 1967 829 2031 quo
850 1949 952 2012 etiam
970 1951 1072 2013 verba
1093 1950 1156 2014 im·

62 2051 236 2134 pudentia,
255 2058 289 2115 et
306 2051 397 2114 elata
417 2049 624 2131 appellantur
645 2049 808 2130 obscena;
830 2051 910 2133 quia
928 2049 1156 2132 frequentissi-

61 2171 137 2215 mus
167 2151 232 2216 init
260 2170 343 2214 usus
373 2148 473 2214 Oscis
498 2149 670 2212 libidinum
696 2168 902 2233 spurcarum.
946 2151 1013 2216 Sed
1037 2151 1155 2216 eodem

60 2252 166 2315 etiam
192 2255 320 2316 nomine
342 2250 531 2333 appellator
556 2250 653 2314 locos
677 2251 712 2315 in
732 2270 812 2333 agro
832 2250 980 2326 Veienti,
999 2271 1068 2336 quo
1091 2252 1155 2318 frui

61 2351 156 2416 soliti
181 2353 362 2436 produntur
386 2351 539 2432 Augures
564 2358 617 2412 a²⁰
640 2351 797 2416 Romani.
850 2350 1002 2434 Obigitot
1026 2353 1154 2437 antiqui

59 2452 229 2529 dicebaut,
243 2473 305 2536 pro
318 2460 396 2517 ante
412 2452 533 2533 agitat;
557 2462 594 2516 ut
608 2453 835 2517 obambulare.

105 2553 271 2629 Obinuut,
293 2553 438 2618 Obeunt.
483 2551 667 2635 Objurare⁹
697 2555 828 2637 antiqui
851 2573 913 2636 pro
936 2553 1028 2619 aditu
1051 2573 1153 2638 pone·

521 2746 549 2768 u
552 2747 652 2768 meon
655 2748 697 2768 uo

90 2887 124 2931 lu
143 2879 163 2928 f.
181 2881 317 2928 June-lt
335 2878 355 2927 s.
373 2882 518 2928 κιαι-18
539 2877 557 2928 f.
578 2880 727 2938 faust-1⁹
743 2881 777 2930 ul.
796 2886 898 2930 urrato
908 2879 990 2940 οὐκ,
1007 2879 1152 2932 erminum

55 2951 123 2996 -20
141 2944 284 3008 depublici
293 2944 379 3007 populi.

554 3055 664 3106 NOTAE

88 3155 101 3188 ὓ
121 3153 238 3217 olma]
256 3153 331 3215 Opaca
353 3165 400 3216 pro
414 3152 510 3202 Oreein
521 3151 588 3202 'liti-
630 3149 724 3201 deinde
735 3151 886 3200 Volscorum
904 3147 999 3200 fuine:
1024 3148 1151 3200 boaldem

52 3233 91 3280 nii
115 3245 193 3280 versu
212 3237 272 3278 sunt
291 3227 335 3292 qui
356 3228 444 3290 legant
463 3242 493 3276 eo
505 3226 589 3284 ruodo,
630 3234 681 3291 ert,
698 3241 729 3278 ιο
747 3228 770 3277 el
789 3241 838 3290 pro
858 3225 1026 3276 Sidicinorum
1043 3225 1154 3274 diuinet

51 3319 109 3370 qno
137 3305 281 3368 opulentum
307 3316 354 3365 pro
383 3301 534 3364 obstinatum,
561 3307 589 3352 et
630 3301 773 3352 Oscorumr
790 3315 848 3351 uuor
866 3299 982 3362 Sidicini,
1000 3299 1064 3349 Osci
1082 3305 1152 3350 root.

52 3383 110 3432 elie
121 3383 165 3430 bie
177 3381 277 3441 similla,
287 3393 346 3443 quea
357 3377 539 3441 inlinitnpune
549 3393 588 3428 re·
629 3379 724 3429 Strabo
734 3379 781 3428 lib.
791 3391 818 3427 v.
839 3379 971 3434 ιιδικηνῦν·
983 3371 1048 3425 abror
1058 3373 1083 3424 Si
1090 3373 1150 3425 ‘oc-

49 3459 215 3522 perinutor:
232 3469 298 3518 quoe
312 3467 361 3518 ego
372 3467 422 3502 oon
433 3467 527 3517 moror,
537 3467 588 3518 qno
628 3470 674 3504 nor.
699 3455 764 3503 curn
780 3453 867 3516 ltaque
878 3451 943 3500 liril
964 3451 1047 3500 locoru
1065 3450 1152 3500 imitu-

47 3535 144 3584 minus
166 3535 314 3596 legebant
341 3531 430 3580 lubet:
461 3531 588 3594 quivero
628 3528 835 3591 tuoStepbenne,
857 3541 904 3590 pro
924 3525 1106 3582 Sidicinorum,
1124 3525 1151 3574 id

48 3610 164 3672 Opicum
180 3609 206 3656 in
230 3608 331 3670 Ορκωιι
359 3605 508 3656 mutandum
528 3619 588 3655 cen·
629 3600 1151 3664 ert,Orcoruru,ponuerit’Orubarunni-

47 3695 127 3748 oent,
139 3684 179 3732 eie
190 3684 264 3746 plene
277 3681 394 3732 meentlrl
409 3694 459 3729 noo
477 3695 588 3744 poenum.
627 3677 721 3728 festum
733 3685 782 3734 ert,
794 3676 894 3740 Opicon
906 3685 934 3728 et
945 3676 1027 3727 Oaros
1045 3678 1151 3728 condem

47 3761 74 3809 N
78 3773 126 3808 arn
136 3771 229 3808 verum
240 3755 407 3822 ert,qnodnit
419 3756 521 3813 Fertur,
533 3757 590 3819 Opi·
627 3747 701 3806 eine:
718 3753 852 3817 φρίγολλιι,
862 3755 954 3818 inquit,
962 3753 1032 3804 πόλις
1038 3755 1151 3813 Ἰταλίας,

42 3851 105 3886 eum
131 3835 162 3884 in
182 3833 294 3897 antiquio
318 3831 508 3881 commentariis
541 3845 588 3895 pro
627 3828 843 3891 trbplrlpxeiou
856 3830 959 3879 ’01er
975 3827 1013 3890 ἣν,
1030 3829 1111 3878 tratre
1124 3828 1151 3878 tl

46 3913 150 3960 oscam
161 3907 313 3970 inveniri,et
326 3920 373 3969 pro
385 3907 587 3968 Opiee'l'itiuinm
628 3905 783 3958 obonodm
793 3902 897 3966 δγένστο.
931 3905 962 3954 lu
978 3903 1029 3953 tina
1049 3903 1152 3954 ridetur
1236 3911 1246 3932 ·

46 3988 119 4034 Osce
133 3981 390 4044 diuino-Opicieoim
402 3987 430 4030 et
442 3980 588 4031 Oreiilderu
627 3981 764 4046 legendum
784 3979 893 4040 Ama
907 3979 1003 4029 Publici
1011 3979 1151 4042 poputillo-

42 4071 138 4110 sunt:
160 4059 251 4108 boeot
268 4057 380 4113 credam,
403 4057 495 4121 quibua
513 4071 587 4120 ergu-
626 4057 700 4112 mi,
722 4070 755 4104 ex
777 4054 833 4104 loco
853 4054 927 4104 simili
950 4056 976 4102 in
1002 4053 1149 4104 ‘Publicnr

39 4136 156 4185 ruentis
182 4133 307 4192 adducar,
340 4131 449 4182 docebo.
500 4131 587 4182 Llriua
628 4131 706 4194 oper.¹

39 4211 121 4261 dicit
146 4201 279 4270 Frefiellar
297 4207 466 4257 Sidicinorum
489 4221 587 4270 opum,
659 4213 669 4239 ⁶
687 4205 814 4269 Objarort]
832 4206 898 4255 Vide
908 4206 934 4254 in
945 4207 953 4234 ⁶
964 4203 1063 4254 obtin:

120 4288 215 4350 Delplr.
232 4293 256 4338 et
271 4287 328 4337 Vur.
342 4289 406 4336 Cloe.
532 4287 616 4348 Pomp.
629 4286 693 4336 Feot.
1031 4289 1046 4334 4
1064 4285 1085 4336 F
