2920 4848
261 359 326 426 588
602 375 713 424 sexrr
739 374 893 423 ronerrr
918 373 1021 424 enarr

261 519 429 584 Petiaeere
443 516 570 600 antiqui
584 535 646 600 pro
667 523 784 599 petere
798 513 966 591 dicebant,
979 534 1021 580 ea
1031 521 1058 562 ¹⁴
1071 515 1205 597 quidem
1226 514 1352 597 [Fesr.

304 619 410 684 forma
433 619 535 696 verbi,
554 625 626 700 'qua
655 624 733 682 sunt
753 615 921 681 lacessere
944 624 981 680 et
1003 617 1185 682 inneeeere:
1220 617 1294 694 sed,
1314 623 1354 681 ut

302 722 383 786 mibi
398 721 536 796 videtur,
553 725 621 784 tnrn
637 717 867 801 significabant
888 719 1016 801 saepius
1037 724 1158 801 petere,
1180 725 1220 786 ut
1241 718 1354 784 Petis·

262 871 265 878 .
303 829 386 900 eant,
403 823 529 906 saepius
544 818 713 906 petant¹⁵i

260 921 469 990 Peteritumk
496 931 529 989 et
552 923 723 989 Gallicum
751 923 940 988 vehiculum
964 942 1052 1000 ease,
1077 929 1111 988 et
1136 940 1254 986 nomen
1276 921 1352 1005 ejus

302 1025 429 1094 dietum
441 1025 636 1092 existimant
651 1044 673 1090 a
686 1045 822 1090 numero
833 1031 973 1109 quatuor
987 1031 1150 1090 rotarum:
1172 1024 1231 1088 alii
1247 1021 1352 1099 Osee,

301 1126 392 1210 quod
405 1127 430 1190 ii
445 1147 576 1210 quoque
598 1133 713 1210 petora
735 1133 878 1209 quatuor
899 1131 1037 1190 vocent:
1060 1122 1119 1190 alii
1141 1123 1276 1201 Groeee,
1291 1121 1351 1188 aed

301 1231 439 1302 Αἰολικῶς
454 1228 590 1293 dietum.

258 1327 449 1407 Peteritum,
472 1329 659 1395 vehiculum
679 1329 866 1394 Gallicum:
888 1329 947 1394 alii
966 1326 1055 1393 Osce
1074 1333 1193 1411 putant
1213 1327 1352 1411 [Perre.

300 1431 436 1509 dictum,
448 1431 538 1516 qnod
560 1431 594 1496 bi
605 1436 725 1517 petora
735 1437 878 1514 quatuor
892 1429 1081 1516 appellant:
1102 1435 1246 1511 quatuor
1261 1427 1352 1492 enim

300 1532 400 1596 babet
413 1539 517 1598 rotas.
1063 1551 1068 1563 ’

257 1630 427 1698 Petrarnm
438 1633 464 1674 ¹⁶
485 1609 692 1718 generabunt
707 1634 788 1712 dne,
799 1653 938 1718 quornm
954 1632 1091 1698 alterum
1106 1637 1203 1698 natu·
1224 1630 1350 1714 [rese.

298 1735 366 1799 rale
381 1755 501 1802 saxum
516 1735 702 1819 prominens
716 1736 751 1799 in
766 1753 869 1814 mare,
880 1735 976 1818 eujus
991 1733 1118 1799 Ennius
1128 1733 1278 1798 meminit
1289 1731 1351 1796 lib.

300 1853 357 1900 xr·
378 1835 455 1902 Alte
469 1837 592 1915 delata,
609 1837 794 1921 ceterisque
809 1837 999 1919 ingentibus
1014 1834 1349 1913 teete2et211iviaain

300 1939 488 2003 centauris:
512 1937 581 2002 Ubi
595 1957 657 2019 ego
672 1957 764 2021 saepe
777 1939 898 2022 petris:
915 1939 1054 2002 aiterum
1064 1936 1299 2014 manufactum,
1311 1943 1351 2000 nt

297 2038 395 2104 docet
416 2039 528 2114 AElius
551 2039 693 2104 Gallus:
730 2037 831 2103 Petra
855 2044 918 2117 est,
940 2057 1016 2122 quea
1039 2037 1138 2103 Jovis
1162 2039 1280 2102 dextra
1303 2057 1349 2102 nc

297 2141 435 2220 sinistra
455 2141 611 2207 fornicem
632 2141 807 2225 expletura
831 2147 884 2208 est
905 2140 948 2206 ad
972 2141 1203 2208 libramentum
1224 2139 1350 2208 summi

297 2241 446 2307 sorrecis.

254 2339 409 2408 Petreia¹
434 2344 616 2409 vocabatur
640 2365 717 2428 qnae
738 2363 898 2428 pompam
927 2344 1118 2427 praecedens
1142 2346 1174 2410 in
1209 2341 1349 2427 [Perre.

706 2525 891 2548 eumn

285 2624 315 2670 lt
332 2621 393 2672 Ver.
405 2621 450 2672 lib.
461 2628 559 2674 en—lt
577 2624 644 2674 Vide
663 2626 823 2678 Notae—16
841 2626 977 2686 Petram,
987 2628 1029 2687 tre.
1045 2622 1178 2678 ,leaserb
1189 2623 1216 2672 in
1226 2621 1349 2684 margine

251 2699 305 2736 ene
321 2684 366 2760 ed.
379 2689 479 2737 noterit
499 2689 553 2737 hae
563 2689 665 2754 quidem
677 2705 735 2740 eene
749 2690 829 2746 Festi,
841 2690 887 2740 red
903 2704 953 2740 nnn
974 2703 1007 2738 ex
1020 2697 1071 2738 ret.
1083 2687 1127 2738 iib.
1141 2694 1234 2738 enmu-
1265 2685 1347 2738 idern

251 2749 328 2798 Ennii
342 2763 439 2799 verium
453 2752 489 2800 ita
501 2752 579 2816 legit:
595 2754 652 2802 Alte
671 2755 733 2804 etate
743 2769 831 2818 sperae,
871 2751 1100 2816 triepaeingentibe'
1116 2757 1186 2802 teria.
1218 2751 1285 2802 Item
1299 2751 1349 2800 Li·

251 2813 295 2869 vii,
304 2813 356 2861 ita:
374 2813 414 2862 udi
424 2815 479 2864 erbo
489 2821 564 2880 raptu
572 2815 655 2879 petrin}
689 2817 792 2867 Deinde
802 2834 809 2867 r
854 2823 907 2867 etrn
918 2823 962 2880 eet,
971 2833 1023 2882 qna
1033 2819 1114 2866 ἆοπιω
1124 2818 1218 2874 ἀπίω,
1228 2818 1268 2880 be.
1291 2816 1346 2866 Vir

251 2874 321 2926 dect.
335 2876 361 2926 in
373 2891 453 2943 marg.
463 2879 579 2943 ejnrdem
592 2880 634 2930 ed.
646 2882 750 2946 conjicit
758 2883 799 2945 qui
809 2884 872 2932 beer
892 2896 939 2946 pre
948 2897 1001 2946 pue
1010 2881 1087 2931 denir.

741 3061 848 3114 NOTAE

249 3189 252 3195 ’
277 3169 285 3202 ⁶
305 3171 339 3219 Ut
351 3171 483 3232 Petierunt,
497 3171 584 3236 rapiar
600 3173 694 3238 paeni]
712 3173 777 3225 Here
848 3172 1021 3236 Ueientem]
1039 3173 1122 3224 Recte
1133 3173 1229 3224 AEoiiee
1239 3172 1346 3225 dietum

247 3243 310 3293 ririr
330 3244 416 3294 deeris
437 3252 559 3309 enrpeeta
581 3254 651 3310 runt,
674 3247 718 3312 qni
739 3249 776 3298 le·
816 3251 870 3302 rite
886 3250 1123 3315 chapeaqrratner.
1139 3250 1269 3302 eoem

249 3327 324 3384 gent,
356 3320 390 3368 Ut
417 3321 550 3382 Piliam,
575 3323 662 3385 rapiar
684 3329 776 3386 potant.
847 3325 1347 3391 Peteritrrrn]Gaiiienmreerbniamfn·

246 3393 363 3445 Frnetre.
406 3394 498 3459 Neque
519 3396 589 3445 enim
604 3397 714 3460 pitirum
734 3405 775 3448 eet
814 3403 999 3466 ninnivem,
1026 3402 1210 3464 Quintilianus,
1237 3403 1345 3454 Gellia·

246 3469 342 3532 rapine
359 3475 450 3532 potare,
469 3470 515 3520 red
536 3471 631 3535 inpiae
651 3487 773 3538 expuere.
814 3493 959 3542 perperam.
993 3477 1117 3527 Eatenim
1127 3477 1345 3540 AEeiieedietnm,

244 3543 349 3592 Terent.
360 3545 392 3594 de
402 3543 535 3595 fastidiere
544 3547 696 3599 meretrice:
714 3556 722 3579 ¹
735 3551 771 3613 pi·
813 3567 872 3602 nrm
884 3553 1009 3604 AEolieum
1022 3552 1120 3617 πίτυρα
1136 3561 1253 3618 quatuor,
1264 3563 1292 3604 et
1308 3557 1345 3606 ab

244 3618 360 3668 durando
382 3619 457 3670 mode
476 3622 527 3671 vini
545 3623 629 3686 Quid,
643 3624 703 3689 quid
722 3627 772 3676 vini
813 3628 891 3679 AEolb
903 3627 965 3680 Oret
976 3634 1205 3693 peterameepere.
1227 3631 1346 3682 Efflu-

243 3692 385 3744 nbrnmriti
407 3696 444 3746 rie
463 3695 561 3756 dicens,
573 3712 701 3761 asperum,
721 3701 771 3751 Pe·
812 3704 963 3768 riiienrinm,
984 3706 1110 3769 equibus
1127 3705 1195 3756 Galli
1213 3707 1343 3772 didicere,

244 3776 294 3833 ter,
306 3769 354 3820 bec
368 3777 419 3827 eet.
431 3770 499 3820 alind
510 3772 593 3823 leniue
605 3774 682 3824 aeder
693 3776 770 3828 ride!
810 3781 936 3832 dinieetnr
947 3788 1004 3833 erat
1013 3781 1119 3844 AEoiiea,
1130 3784 1226 3848 qnippe
1237 3786 1280 3850 qni
1296 3799 1346 3838 re·

243 3845 304 3896 Non
324 3844 417 3895 dubito
438 3847 499 3911 quin
521 3848 562 3897 irie
583 3850 699 3912 petirmt
725 3852 770 3901 rii·
810 3864 902 3907 nerent
912 3871 945 3906 ex
961 3857 1066 3908 Pboeea
1076 3857 1181 3909 AEeiidir
1195 3860 1345 3924 urberetri

241 3924 326 3973 eunde
338 3922 451 3974 adducat
462 3925 566 3989 Fertne,
578 3928 622 3977 nbi
633 3931 720 3993 rapiar
728 3947 770 3995 pe·
809 3933 923 3982 nonnutii
932 3947 988 3982 earn
1002 3932 1081 3983 Ionia
1091 3934 1232 3985 vindicent.
1259 3938 1345 3990 eem-

241 4001 295 4048 tert
311 3999 507 4065 interpretatur.
548 4003 586 4054 In
597 4003 691 4057 Sebed.
712 4008 720 4036 ‘
733 4007 771 4056 Ut
810 4007 849 4056 bri
860 4008 939 4058 bodie
950 4007 1040 4058 dicunt
1055 4011 1167 4073 pedem,
1179 4020 1206 4061 et
1217 4012 1344 4066 Britanni

241 4072 362 4124 retineant
373 4076 468 4140 rapine
482 4078 590 4141 petant,'
605 4089 729 4146 eomnpte
743 4096 770 4131 rr
808 4081 903 4132 Gallia
917 4097 999 4146 perer.
1014 4085 1079 4135 Dae.

241 4161 338 4211 prope·
364 4151 421 4202 Nini
433 4153 505 4204 maiia
516 4155 626 4207 retineant
636 4157 722 4222 rapine
731 4173 767 4210 re·
841 4157 973 4221 ¹i’etreia]
1001 4158 1069 4210 Vide
1096 4160 1282 4214 ‘Mandanae'
1309 4177 1346 4217 et

241 4222 404 4276 tnnt01denr.
808 4233 1036 4286 ‘Citeria.’1derrr.
1099 4283 1102 4290 .
