2930 4870
515 417 789 468 urrunnu-corr.
936 411 940 422 '
1016 445 1024 462 .
1110 410 1195 475 1045

107 557 229 622 nuntius
244 559 388 622 aduenit:
405 561 437 622 in
453 580 497 638 re,
509 569 556 640 at,
570 564 697 627 nuntios
712 565 836 629 aiiutus
851 572 920 631 ost:
943 587 1037 649 quma
1053 565 1192 651 affron-

107 661 180 720 tiam
197 658 244 723 C:
255 657 359 724 Casar
372 661 404 724 in
419 659 664 728 Commentariis
676 665 783 729 secisse
794 663 926 729 videtur.
973 666 1093 751 Nuper,
1105 675 1195 755 qnasi

107 760 239 844 noviper,
255 770 410 847 tanquam
428 763 571 830 dicamas
593 766 770 830 novissime:
793 777 894 853 estque
911 769 1064 851 prateriti
1082 781 1194 856 ternpo-

107 861 163 938 ris,
178 863 212 926 id
226 869 336 928 autam
434 909 442 926 .
530 909 538 926 .
628 914 635 930 .
724 916 732 931 .
814 911 823 931 .
910 877 1068 949 sacrant,
1087 875 1193 954 quini

396 1015 404 1030 .
507 967 629 1032 Nomen
655 969 742 1054 qnasi
766 976 863 1035 nutus
889 972 954 1035 Dei
981 992 1022 1036 sc
1049 981 1193 1058 potestas

107 1063 225 1131 dicitnr.
272 1065 417 1132 Namriio
427 1077 441 1104 ¹¹
454 1089 549 1154 genas
560 1070 675 1133 sinerii
688 1092 756 1154 quo
768 1069 989 1155 quadrupedes
999 1071 1192 1159 alligantur:

106 1169 199 1232 solent
213 1179 314 1232 natam
329 1169 440 1252 eaficri
455 1192 569 1250 nervo,
585 1181 642 1237 aut
657 1175 746 1239 corio
761 1173 855 1237 crudo
867 1173 950 1236 bouis
965 1185 1000 1238 at
1009 1174 1192 1258 plurimam.

109 1269 266 1335 Numidas
289 1272 430 1338 dicimus
453 1294 537 1358 quos
563 1274 665 1339 Graci
688 1275 834 1356 Νομάδας.
857 1275 919 1338 siae
939 1275 1022 1360 qnod
1042 1274 1076 1338 id
1096 1299 1193 1362 genos

105 1371 271 1437 homiuum
294 1377 439 1457 pecorib.
464 1375 665 1460 negotiatur.-
695 1377 757 1440 sioc
778 1375 861 1462 qnod
881 1375 990 1455 herbis,
1015 1387 1050 1440 ot
1071 1398 1193 1461 pecora

105 1475 239 1538 aluntur.
284 1475 399 1541 Nuces
414 1476 611 1560 flagitantur
630 1477 746 1562 nuptis,
769 1487 799 1541 et
813 1477 987 1563 jaciuntur
1009 1479 1132 1562 pueris,
1155 1487 1192 1546 ut

102 1594 200 1641 novas
212 1587 313 1660 napta
328 1578 460 1643 intranti
474 1577 596 1644 domam
610 1583 687 1646 novi
702 1580 811 1645 mariti
827 1579 1005 1664 auspicium
1009 1579 1075 1664 flat
1090 1601 1192 1643 secan·

103 1675 176 1739 riam
187 1687 217 1740 et
227 1680 432 1746 solistimum.

103 1779 249 1844 Numam
275 1782 478 1866 Pompilium
504 1782 692 1847 ianiculum
715 1793 845 1847 montem
864 1781 1049 1848 habitavisse
1072 1785 1190 1865 icrunt,

102 1883 134 1946 iu
151 1903 219 1966 quo
232 1903 345 1948 arcum
359 1885 430 1969 ejus
444 1883 789 1963 incantamentorum
803 1883 913 1948 Numa
926 1888 1076 1964 nominis,
1088 1907 1110 1951 a
1122 1889 1191 1952 Tc-

100 1987 206 2050 reutio
222 1983 354 2070 quodam
368 1985 467 2050 scriba
483 1987 694 2070 repastinante
711 2007 836 2071 ugrum·
880 1986 1092 2052 Nouuucium
1109 1988 1192 2072 qnod

99 2085 194 2171 uolgo
220 2085 372 2174 Magistri
393 2088 465 2155 ludi
487 2088 669 2173 appellant,
692 2089 855 2172 siguificat
877 2109 981 2151 novom
1004 2087 1129 2151 uncias.-
1157 2099 1190 2152 at

100 2175 396 2274 teruncium,‘quod
412 2191 544 2272 singula
562 2191 715 2255 sexuncia
736 2189 898 2255 dimidiam
913 2189 1074 2252 nncioram
1090 2189 1190 2253 trium

99 2293 156 2355 sit.
180 2289 312 2356 Nomen
323 2293 394 2357 siva
403 2311 445 2356 ex
455 2291 579 2357 Gracco
588 2289 673 2374 ὄνομα
682 2291 798 2358 dictam
806 2289 1030 2376 cst,[23]qnnri
1039 2289 1190 2369 novimen,
1274 2303 1278 2312 ’

98 2391 184 2478 quod
194 2393 338 2456 notitiam
350 2391 481 2479 faciat:
496 2393 563 2458 sive
577 2392 714 2458 familias
728 2398 795 2459 ost:
818 2403 853 2456 nt
872 2390 1050 2455 Terentius:
1063 2391 1190 2474 ponitur

97 2495 194 2558 etiam
204 2517 265 2579 pro
280 2494 400 2559 debito:
416 2506 450 2559 ot
467 2501 614 2560 eoactum
630 2493 876 2580 dicimusfaisss
890 2513 1006 2570 nomen,
1022 2514 1088 2554 cam
1104 2516 1123 2556 a
1139 2491 1191 2556 oie·

97 2596 198 2661 bitom
220 2609 323 2662 exacto
337 2599 482 2683 pecunia
496 2599 551 2662 sit.
598 2592 721 2660 Noctua
737 2593 858 2659 viderur
872 2593 954 2657 dicto
970 2616 990 2656 a
1005 2595 1100 2658 noctis
1115 2605 1190 2659 tcm-

95 2720 180 2784 pora
196 2719 250 2777 ao,
266 2718 334 2783 quo
349 2719 456 2762 canora
474 2695 560 2775 solet,
574 2708 630 2760 out
644 2696 769 2760 volare:
789 2696 829 2760 ab
842 2717 877 2760 eo
892 2703 1058 2781 γλαυκῶπις
1073 2699 1189 2780 appoi-

94 2803 185 2866 iutur
211 2799 356 2865 Minerua
372 2823 391 2864 a
409 2797 536 2878 Gracia,
559 2799 634 2885 qaia
657 2809 768 2863 rroctna
791 2798 886 2862 ocniis
902 2806 953 2862 est
968 2801 1092 2863 coesis⁴
1179 2844 1188 2861 .

199 2953 206 2967 .
294 2901 438 2968 Noneola
451 2913 601 2966 uocantur
613 2900 750 2984 papilla,
767 2921 833 2984 qna
844 2896 1006 2984 cusancib.
1016 2919 1186 2982 caprarum

92 3005 305 3090 suppendent.
351 3001 543 3068 Noctilucam
559 3023 626 3066 com
641 2999 721 3063 dicit
738 2998 879 3062 Lucilius
894 3000 934 3062 L.
953 3015 993 3064 11.
1012 3001 1188 3064 obscenam

88 3106 254 3194 signficat
343 3153 351 3168 .
533 3101 684 3168 noctiluca
772 3145 780 3162 .
868 3148 875 3163 .
965 3145 972 3160 .
1046 3099 1188 3166 medica.

91 3207 266 3272 Nouerca⁰
287 3207 411 3286 dicitur,
435 3227 528 3293 qnam
549 3205 616 3291 qais
639 3201 741 3266 liberis
761 3200 904 3279 sublatis,
925 3221 1045 3267 novum
1064 3221 1188 3265 oaorem

88 3305 195 3390 ducit,
223 3308 359 3374 arcenda
360 3308 498 3396 familia
510 3309 627 3390 gratia,
642 3306 676 3369 id
690 3309 754 3384 est,
765 3301 956 3382 coiircemia,
965 3300 1070 3387 prima
1086 3311 1188 3365 antem

84 3423 286 3476 memorator
313 3410 400 3496 opnd
419 3411 632 3486 veterannia‚⁵
660 3425 737 3490 qum
764 3405 880 3490 nupsit
976 3445 985 3465 .
1083 3453 1090 3466 .
1180 3451 1187 3466 .

557 3605 737 3628 mammet

120 3747 138 3792 t
159 3741 326 3792 Bromia-t
344 3739 562 3792 nortmannia.

590 3915 695 3968 NOTAE

113 4025 128 4049 ⁰
149 4012 279 4076 Namctta]
306 4011 428 4063 Placidus
450 4013 475 4062 in
504 4013 620 4064 Glossir:
661 4010 917 4072 amoranuia,nan,nt
931 4005 1189 4072 siiidercriprsruut,

65 4098 75 4124 ⁸
93 4091 284 4145 Nrrrrrsnstur,
294 4090 404 4138 numetis
415 4090 516 4152 rigatus,
532 4089 548 4138 i.
566 4089 620 4138 riu·
660 4089 840 4148 ectcrmia,ax
850 4099 882 4134 aa
891 4081 1142 4146 scripturaruum,
1151 4101 1189 4134 oc-

65 4171 155 4229 culo,
166 4180 220 4229 quo
231 4165 414 4230 quadrupedes
426 4165 580 4229 alligantur)
660 4171 721 4214 taras
731 4163 825 4213 Annia:
843 4161 884 4210 oui
905 4166 993 4210 autera
1006 4161 1124 4224 nupserit
1135 4161 1189 4211 huc

96 4253 112 4276 ⁰
125 4240 621 4306 Nouerca,trc.]Cuminingmeutosit,
662 4241 756 4300 Aonis.
769 4236 944 4306 quarendum.
