2868 4838
231 347 297 414 630
570 361 683 410 uexat
707 360 860 410 rorarunt
885 359 990 410 ssent

277 526 365 586 esse,
387 512 424 572 ut
447 527 521 572 curn
537 512 648 572 essent
663 505 863 587 designatio
884 505 1125 590 praerogativis,
1147 507 1182 570 in
1200 524 1326 572 sermo-

277 628 351 674 nem
366 627 418 673 res
432 610 556 676 reniret
579 608 697 694 populi
719 607 760 672 de
784 607 905 692 dignis,
928 607 1126 692 indignisve,
1149 615 1184 674 et
1206 607 1328 674 fierent

277 711 377 775 ceteri
392 710 631 794 diligentiores,
653 711 696 775 ad
711 709 871 794 suffragio
884 711 927 775 de
941 710 992 775 his
1005 709 1151 775 ferenda.

237 813 353 878 Praes¹
367 819 420 878 est
430 813 472 892 is,
480 815 540 897 qui
548 813 675 898 populo
685 831 723 878 se
735 813 874 894 obliget,
885 813 1172 897 interrogatusqne
1185 811 1327 895 [Paua.

279 905 520 998 o'magistrntu,
535 917 564 980 si
579 934 667 999 praes
681 914 737 992 sit,
750 913 807 978 itte
823 915 1011 997 respondet,
1026 913 1133 979 Praes.
1199 912 1328 990 [Fssr.

235 1015 420 1098 Praesagire
432 1022 483 1082 est
496 1016 726 1101 praedivinas,
740 1018 937 1100 praesipere:
952 1035 1058 1100 sagax
1073 1016 1159 1079 enim
1173 1022 1229 1079 est
1243 1032 1327 1078 acn-

277 1121 343 1196 tos,
358 1124 391 1183 et
403 1117 519 1182 solers.

235 1217 454 1300 Praesagitio¹
475 1219 575 1297 dicta,
602 1219 693 1302 quod
706 1219 886 1302 praesagire
901 1228 954 1285 est
969 1227 1067 1285 sonte
1081 1237 1157 1283 son·
1187 1217 1326 1301 [Pauu.

277 1320 352 1397 tite,
367 1319 454 1384 nodo
467 1339 559 1402 sagas
574 1319 674 1386 dieteo
690 1339 785 1400 anus,
811 1341 890 1405 queo
911 1321 1013 1387 multo
1027 1321 1149 1400 seiont,
1171 1326 1205 1384 et
1225 1337 1327 1402 saga-

278 1441 335 1486 ces
349 1439 462 1498 canes,
477 1422 536 1505 qui
549 1421 690 1488 serarum
705 1423 831 1488 cubilia
844 1423 1073 1508 praesentiunt.

236 1519 424 1606 Prasagitio
437 1522 532 1603 dicto,
548 1521 631 1609 qaod
639 1523 806 1612 presagire
817 1535 861 1589 est
871 1535 959 1591 acute
969 1525 1090 1605 sentire,
1099 1523 1180 1590 unde
1199 1521 1328 1602 [Fusa.

279 1634 308 1688 et
322 1645 402 1710 sago
414 1645 492 1689 anas
506 1625 621 1705 dictor,
636 1649 702 1712 qaae
714 1627 815 1692 multo
828 1627 937 1709 sanat,
951 1639 981 1693 et
995 1647 1115 1716 sagaces
1126 1646 1226 1704 sanes,
1237 1621 1331 1710 qaod

265 1723 416 1812 serarum
431 1725 545 1792 cubilia
555 1727 767 1814 praesentiant.

236 1828 473 1895 Praesidersre¹
484 1831 613 1909 dieitur,
624 1851 697 1896 oum
707 1827 1329 1915 moturiushybernatempes·[Pnuu.

278 1938 332 1995 tas
347 1937 506 2012 moretur,
522 1934 621 2017 quasi
637 1939 715 1998 anto
731 1933 850 2000 sideris
865 1939 1008 2017 tempus.

726 2175 832 2227 NOTAE

264 2329 278 2356 ¹
296 2319 378 2386 Pras]
395 2323 524 2373 Fertasnit
535 2322 649 2386 prudens
661 2321 759 2371 dictum
833 2321 912 2384 Praer]
928 2317 980 2370 Sed
998 2317 1159 2370 verisimilius
1177 2313 1281 2366 videtur
1297 2321 1331 2365 ut

233 2411 299 2458 ersa,
317 2396 384 2460 qaod
402 2397 572 2462 interrogatus
591 2412 606 2446 s
624 2397 728 2462 populo,
739 2396 760 2446 si
796 2415 862 2464 pres
880 2399 982 2450 dicator
996 2413 1013 2447 s
1028 2413 1088 2461 proe.
1114 2395 1153 2445 Ut
1169 2393 1207 2444 its
1224 2392 1332 2443 dicatur

233 2480 379 2537 protestet,
395 2473 578 2538 respondebat,
594 2487 672 2538 praes.
696 2475 759 2538 Sap·
799 2476 842 2541 qai
855 2480 952 2538 prosrto
971 2483 1023 2534 est,
1039 2483 1068 2523 ot
1083 2471 1226 2534 fidejussor.
1253 2469 1331 2522 Quo-

233 2549 285 2614 pie,
300 2563 364 2600 sam.
378 2548 507 2600 Praeserse
523 2549 666 2614 antiquitas
681 2549 760 2612 signi·
800 2551 875 2601 modo
885 2550 986 2600 etidern
996 2543 1333 2610 diciturlrywnsbmvr,

232 2624 301 2686 dont,
312 2633 465 2688 presentem
475 2639 541 2688 esse,
551 2627 665 2690 παρεῖναι.
682 2625 759 2674 Unde
800 2641 893 2693 prope,
897 2628 983 2691 juxta.
1005 2620 1245 2687 1nde‘compraes’
1262 2621 1333 2670 Dos.

233 2707 353 2766 superest
362 2702 524 2765 participium
537 2716 657 2766 presens.
676 2701 760 2752 Auso·
831 2711 842 2746 r
859 2701 1016 2766 Pramnio]
1033 2701 1123 2752 Cicero
1135 2713 1153 2750 r.
1163 2697 1196 2748 de
1208 2697 1333 2748 Diriast.

233 2775 299 2837 nius,
316 2783 408 2825 anotor
425 2775 499 2825 ratde
515 2777 605 2838 bonos,
615 2775 705 2839 dignus
716 2777 761 2841 qai
863 2777 1044 2842 ‘Prasagibat
1060 2777 1159 2827 enimus
1170 2773 1268 2824 frustra
1283 2787 1332 2823 nto

233 2849 337 2900 metiore
354 2851 449 2902 soeculo
466 2858 541 2901 natus
558 2850 657 2908 fnisset.
675 2851 713 2902 sit
733 2853 760 2902 in
927 2856 1042 2916 ire,earn
1054 2849 1244 2903 exiremdotno.

231 2925 333 2976 iudiero
351 2925 467 2976 dramate
483 2934 582 2990 septem
598 2927 759 2992 sapientum:
798 2932 889 2997 ssgire
909 2933 977 2982 enim
1000 2931 1097 2982 sentiro
1119 2936 1194 2980 ecrite
1213 2935 1269 2978 est:
1291 2939 1332 2978 ex

231 3003 344 3055 ‘Thales
364 3011 460 3064 antem,
482 3001 566 3068 mis,
585 3003 648 3069 adpo
667 3005 689 3054 t·
704 3003 759 3068 tiro,
799 3009 931 3073 quosagae
946 3022 1020 3069 anus,
1031 3007 1092 3072 qaia
1107 3003 1187 3056 molto
1198 3003 1264 3054 scire
1283 3017 1335 3053 ro·

231 3081 353 3146 protulit:
364 3081 497 3147 Spondere
507 3082 551 3146 qui
560 3096 614 3146 nos,
625 3083 760 3147 nornquin
797 3087 869 3137 irent:
888 3094 916 3136 et
927 3099 1033 3150 sagaces
1045 3085 1108 3135 dieti
1124 3097 1211 3134 enarr.
1237 3081 1264 3130 is
1278 3081 1333 3142 igi·

231 3169 350 3223 protest,
378 3161 467 3213 vetat!
503 3162 627 3222 Pressit,
652 3159 759 3225 πάρεστι.
799 3163 905 3227 tnr,qdi
922 3168 984 3210 uate
1001 3159 1068 3224 sagit
1087 3172 1163 3223 qnam
1179 3156 1266 3208 obtata
1283 3170 1333 3205 res

231 3233 340 3286 Grecos
357 3237 538 3300 interrogatas,
555 3236 576 3286 ei
593 3235 701 3301 πάρεστι,
718 3253 758 3288 re·
797 3237 950 3295 condicitur
962 3236 1111 3300 praesagire,
1128 3232 1154 3283 id
1171 3239 1221 3289 est,
1237 3229 1333 3282 intnn

231 3310 341 3374 spondet
363 3311 448 3375 potins
468 3310 538 3377 πάρα,
555 3328 631 3377 qnam
655 3313 757 3377 πάρειμι.
797 3312 1076 3363 sntsseatire.'1derrr.

230 3387 273 3437 Sic
291 3389 420 3438 Romanor
432 3389 614 3454 interrogatus,
627 3404 659 3438 an
677 3406 758 3454 proes-
828 3389 1027 3454 'PraesidesareJ
1050 3386 1138 3438 Graeci
1154 3383 1333 3451 προχειμόζειν.

231 3463 280 3512 es?
306 3462 490 3528 respondebat,
509 3477 587 3528 pros,
606 3479 658 3514 non
678 3479 757 3530 prns—
795 3464 959 3530 προχείμασις,
977 3463 1169 3528 presiderntior
1187 3460 1276 3526 quidni
1301 3471 1333 3512 st

231 3549 295 3588 sant.
319 3539 415 3589 Varro:
441 3539 551 3604 ‘Itaque
572 3540 656 3602 Praei,
676 3543 719 3607 qui
740 3557 756 3592 a
796 3539 1005 3607 postsideratiori
1022 3538 1170 3601 διιχείμιισις
1188 3537 1238 3587 diei
1250 3545 1332 3602 pote·

230 3615 383 3681 magistratu
393 3615 601 3680 interrogatorio
614 3617 756 3682 publicam,
796 3619 848 3668 rit?
865 3618 933 3668 Vide
946 3617 1093 3682 vegetium.
1118 3615 1176 3665 Hoc
1191 3621 1276 3664 antem
1290 3615 1333 3666 its

229 3706 262 3742 aa
272 3701 395 3757 praesest:
413 3706 489 3757 aqtto
501 3701 528 3742 et
538 3707 595 3741 oum
608 3695 756 3758 respondet,
796 3695 919 3745 dicebant
939 3703 1042 3743 ratores
1060 3689 1177 3754 Romani,
1194 3691 1255 3755 quia
1266 3693 1333 3742 enni

229 3765 399 3833 dioit,praes.'
417 3767 756 3834 Itaenimlegendamrpnd
797 3777 967 3835 tempestates
1002 3767 1087 3818 sidero
1121 3767 1266 3816 vocabant:
1301 3777 1333 3817 ot

228 3845 379 3897 Varronem.
407 3845 511 3910 Alioqui
531 3845 585 3895 scio
607 3853 684 3896 satos
705 3863 756 3898 non
796 3847 943 3898 coniectum
956 3845 1036 3905 sidus,
1049 3845 1090 3892 rel
1102 3852 1247 3907 peractum,
1264 3843 1333 3908 hye-

228 3923 292 3975 satis
318 3923 484 3988 perspicuant
513 3935 596 3985 neque
623 3923 755 3986 Varronis,
797 3923 854 3984 mis,
882 3922 981 3972 aestatis
1012 3919 1083 3968 sidus
1111 3919 1242 3968 dicebant.
1273 3919 1335 3970 Jos.

228 4015 313 4065 neqae
325 4001 395 4049 Festi
408 4001 490 4050 iocum
501 3996 589 4048 fuisse.
614 3997 756 4050 Multorum
797 3999 862 4049 Seni.

228 4077 382 4140 scriptorum
410 4075 495 4125 Latini
520 4075 631 4124 nominis
653 4076 756 4127 codices
831 4073 1003 4138 Prasiderors]
1020 4070 1070 4122 Sed
1089 4069 1186 4120 frastra
1202 4068 1336 4134 Sesttger.

228 4151 327 4201 calamo
348 4151 447 4200 exarati
464 4149 561 4200 uatem
575 4157 687 4214 proesest:
709 4167 756 4217 pro
797 4151 895 4202 Notum
912 4158 954 4202 ost
969 4157 1053 4200 ortnar
1072 4153 1100 4197 et
1120 4161 1240 4197 oceasum
1259 4147 1335 4198 side·

229 4225 549 4290 qstoruigsti,proestorst.
566 4227 701 4279 dosdoai.
759 4247 763 4256 ’
795 4244 851 4281 runt
868 4226 949 4279 toedas
966 4230 1135 4290 tempestates
1153 4223 1232 4274 ciete.
1262 4221 1336 4274 Cum
