2934 4864
487 378 764 429 rnunuuuruu.
1085 367 1172 436 nst

99 517 157 582 lore
170 515 325 603 supplicia
344 535 406 603 pro
416 519 516 604 puur's
535 518 693 586 dicuutur.
739 521 863 588 Sufus¹
878 523 982 588 dictus
1004 477 1171 590 Puerorum

101 620 299 700 magistratus,
322 625 358 685 nt
381 620 542 685 Oscorum
568 618 820 686 Mediastuticus.
864 621 1015 688 Calidius
1044 626 1078 688 in
1100 645 1174 690 oru-

99 721 173 784 tione
185 719 213 783 r'u
233 718 275 788 Q.
295 718 474 787 Cecilium:
501 721 580 788 Non
594 741 638 786 no
652 723 750 787 vobis
761 722 885 788 ludices
899 723 1000 809 iguem
1014 732 1048 789 et
1061 727 1172 792 sumus

98 824 238 906 prosequi
260 833 290 886 et
303 825 439 906 stamma
464 824 606 890 videtur.
651 825 786 890 Sinatns
799 824 823 864 ¹⁸
849 825 970 891 censuit
993 825 1171 912 referentib.

98 923 208 988 sufetis.
251 925 341 990 Sub¹
355 925 455 988 vitem
471 925 576 988 bertar
587 924 696 1008 jacere
709 923 804 1008 [119]
818 923 1029 1005 diciturueler,
1040 947 1107 990 curu
1122 949 1173 991 ens

96 1023 146 1087 rub
159 1045 248 1090 monn
266 1045 386 1088 rursum
401 1025 507 1091 mittit.
550 1026 723 1092 Lucilius:
750 1027 801 1092 Ut
812 1027 889 1092 veles
904 1027 998 1092 bouus
1011 1028 1174 1094 subsilens

96 1129 147 1209 qui
157 1128 256 1193 subsit
266 1136 292 1178 ¹⁹
303 1127 427 1191 husius.
473 1125 539 1191 Sub
552 1125 791 1210 nilemproeliuri
806 1128 959 1195 (linuntur
969 1129 1094 1209 milites,
1106 1151 1175 1194 aum

94 1225 237 1294 subvinea
252 1229 384 1295 militari
399 1239 558 1312 puguant,
576 1227 738 1293 Lucilius.-
764 1229 842 1315 AEq.
862 1232 994 1314 prodire
1016 1231 1049 1295 iu
1064 1230 1173 1309 altum,

90 1327 220 1412 pruliari
229 1329 346 1414 procul
361 1332 424 1394 sub
439 1333 517 1396 rite.
565 1330 632 1394 Sub
642 1330 763 1395 niueum
768 1331 877 1415 jacere
888 1331 1174 1410 dicauturmilitus,

92 1449 156 1492 eum
168 1429 355 1496 adstantibus
366 1432 620 1510 centurionibus,
628 1434 733 1518 jucere
743 1444 894 1520 coguutur
902 1433 998 1499 sudes.
1041 1426 1192 1517 Suppu'

92 1551 158 1609 rus,
172 1531 328 1596 dicebatur
337 1532 479 1618 puellare
495 1535 725 1599 vestimentum
740 1533 865 1615 limeum,
879 1535 962 1622 quael
973 1545 1001 1599 et
1016 1535 1176 1602 subucula

92 1631 315 1718 appellabatur.
361 1633 550 1719 Pomponius
564 1636 598 1699 in
616 1637 771 1702 Fullonia
877 1682 886 1701 .
973 1684 981 1703 .
1069 1683 1078 1700 .
1168 1680 1176 1697 ·

96 1731 196 1800 Velum
215 1756 313 1802 omno
336 1737 428 1821 quod
451 1759 487 1800 eu
511 1735 574 1802 lino
597 1748 651 1817 ert,
669 1738 784 1804 elicitur
797 1757 992 1824 supparum:
1009 1737 1176 1823 puniceum

90 1837 294 1902 vestimentum
308 1831 354 1902 r'tu'
368 1848 464 1906 mast
479 1840 569 1906 Novi
578 1849 606 1880 ²⁰
628 1839 761 1906 debello
777 1840 921 1908 Punico.
964 1841 1008 1907 Et
1027 1843 1060 1905 in
1083 1841 1178 1906 Nuu-

90 1941 143 2017 tis,
156 1947 240 2004 vocal
260 1937 405 2024 Neptuuo
423 1949 546 2006 vestem
568 1941 805 2020 consecratam,
826 1963 1016 2027 supparum:
1042 1951 1077 2002 nt
1090 1959 1178 2004 nunu

89 2060 249 2125 supparos
264 2039 532 2126 appellamusuelu
543 2042 706 2128 linanm¹
724 2063 857 2110 crucem
869 2063 1012 2127 expansa.
1058 2038 1179 2104 Mulier

87 2141 213 2208 videtur
227 2145 341 2226 puella
355 2165 489 2228 supparo
509 2142 634 2224 induta,
656 2154 692 2208 ut
706 2143 868 2231 Afranius
891 2146 958 2210 uit:
987 2143 1103 2209 Puella
1117 2161 1178 2205 uam

86 2264 163 2320 sum,
184 2265 319 2328 supparo
343 2245 369 2308 rr'
387 2243 500 2311 indutu
520 2265 604 2310 sum.
648 2245 770 2328 Supu,²
792 2245 956 2332 signficnt,
971 2242 1077 2328 jacit:
1098 2242 1179 2306 uude

85 2341 228 2429 dissipat,
244 2345 434 2430 disjicittet
448 2345 580 2431 abripui,
595 2345 755 2411 obicitret
770 2347 898 2430 iusiput,
913 2346 1028 2429 insipit
1074 2390 1083 2407 .
1123 2374 1125 2382 ’
1160 2385 1179 2410 ,ι
1237 2434 1239 2437 ι
1323 2381 1325 2384 ·

280 2491 289 2510 .
362 2449 459 2513 inicit
475 2449 524 2513 lar
538 2449 571 2513 in
587 2448 701 2514 olum.³
711 2458 725 2485 ⁸
771 2446 897 2527 Sutela,
912 2446 1021 2512 dolosae
1036 2446 1179 2523 astutius,

83 2567 107 2612 a
130 2545 340 2612 similitudine
365 2549 519 2614 suentium·
541 2549 638 2616 elictae
662 2560 752 2616 sunt.
796 2553 975 2636 Suspectus,
997 2559 1039 2613 est
1056 2546 1181 2612 diuersa

81 2648 356 2732 significationis:
386 2671 406 2714 u
427 2653 561 2736 suspicor
585 2651 733 2728 enimet
761 2653 913 2736 suspicio
937 2652 1054 2735 purtim
1077 2647 1181 2713 verrit:

83 2749 168 2833 itaq.
192 2770 260 2816 non
283 2753 411 2830 mirum,
435 2754 464 2817 si
485 2775 546 2818 uou
568 2775 632 2816 uren
649 2752 837 2839 significatio
858 2754 930 2818 duri
951 2755 1073 2835 potest.
1117 2752 1182 2816 Su*

79 2850 182 2914 trium
197 2852 287 2936 quasi
297 2863 379 2932 eunt,
395 2855 477 2939 utiq.
492 2857 526 2920 in
542 2855 750 2938 proverbium
766 2853 844 2917 obiit
855 2873 891 2916 er
901 2853 958 2916 baa
972 2869 1074 2916 causa.
1098 2850 1181 2915 Gal-

77 2951 152 3016 lico
168 2950 307 3016 tumultu
330 2955 490 3039 quondum
513 2954 657 3020 edictum
684 2962 739 3019 ost
757 2956 851 3038 [120]
865 2953 1010 3035 legiones
1026 2951 1129 3014 Sutrii
1144 2958 1183 3016 ut

75 3059 212 3135 praesto
228 3062 341 3120 essent
354 3063 431 3120 cunr
446 3057 526 3121 cibo
543 3075 624 3120 suo:
644 3055 736 3139 quod
750 3053 906 3137 usurpari
919 3058 1066 3134 coeptum
1082 3055 1135 3114 est
1149 3051 1182 3114 in

73 3154 139 3232 iis,
155 3155 297 3236 quisuis
312 3158 422 3237 rebus,
439 3154 705 3240 opibusqofficii
717 3155 751 3220 id
763 3160 967 3239 praestarent,
978 3152 1070 3236 quib.
1084 3150 1183 3216 debo-

547 3317 731 3338 OONOMONO

70 3482 89 3528 ⁸
110 3409 389 3528 ἔῦαἰῆῧιιιιιιιιμὶθ
404 3410 422 3466 t'.
437 3415 620 3467 iuturus—so
637 3415 657 3466 f.
670 3417 821 3467 Narium-l
838 3413 1024 3464 tumim-2
1041 3409 1060 3460 t'.
1072 3410 1184 3475 &put-

583 3577 695 3629 NO'l'AE

64 3669 200 3720 monium
213 3669 238 3720 in
250 3671 399 3733 tenemento
414 3680 541 3736 suppuret:
560 3655 618 3722 reli·
658 3674 705 3724 bet
720 3674 803 3732 uuir,
821 3677 850 3721 nt
866 3685 912 3720 nor
923 3669 1059 3724 edldlmm»
1070 3681 1121 3718 ⁰⁰¹¹
1139 3681 1184 3716 ⁸¹¹·

63 3747 306 3812 qunipnoenobir
322 3749 482 3814 antiquitatis
502 3749 617 3814 reliquiis
659 3749 804 3799 teurrubil:
820 3761 867 3811 pro
885 3759 937 3811 quo
956 3746 1052 3796 Penius
1068 3741 1186 3804 submisit,
1258 3747 1260 3752 ’

61 3830 281 3886 :suggesserunt
299 3840 315 3873 ι
331 3825 424 3890 quibus
445 3824 478 3872 rlo
495 3823 619 3889 Regesn-
659 3825 816 3888 inspirans.
1039 3839 1042 3846 ⁴

59 3912 189 3948 crorum
209 3899 236 3948 in
255 3901 346 3950 Forum
364 3901 527 3966 supplicandi
543 3913 620 3951 consu
689 3895 801 3960 ‘OlaruJ
820 3899 891 3947 Olanr
909 3909 956 3960 pro
977 3895 1047 3943 ollam
1062 3890 1186 3941 rlirebnnt

59 3971 236 4040 prodeunte
253 3977 407 4040 recepimus.
659 3975 853 4040 antiquitatus
871 3986 917 4037 pro
927 3972 987 4020 alle:
1004 3983 1061 4030 nuru
1076 3967 1186 4016 semiro-

99 4059 115 4094 5
135 4049 233 4112 Sufes]
252 4052 320 4102 vida
340 4067 420 4118 snpra
439 4053 465 4102 in
493 4051 619 4103 ‘Muritu
658 4053 736 4115 cules,
747 4057 925 4108 consonantes,
936 4055 964 4096 et
975 4053 1057 4096 mutas
1075 4059 1123 4094 non
1142 4059 1186 4109 ge·

56 4123 163 4176 vere?
335 4155 337 4163 ι
659 4126 799 4177 minabant.
831 4122 935 4174 videtu
951 4119 1146 4173 ‘Soliuurilirl

97 4213 111 4237 ¹
133 4203 245 4269 Subrit]
260 4205 354 4256 Lucius
372 4205 397 4256 in
417 4203 558 4270 exemplari
575 4203 620 4252 ltr-
713 4241 718 4256 ι
836 4241 844 4254 .
