2880 4862
220 375 270 424 ns
293 373 503 424 vernoune
528 375 841 428 stoutrtosrtous
866 377 938 426 utn.
960 379 1058 428 xvu.
1120 365 1185 432 877

135 517 254 604 piscis,
267 519 322 582 rel
335 519 475 582 muteris
488 518 655 596 robustea,
671 537 772 604 super
787 537 888 602 qutun
902 519 1012 604 peries
1026 521 1185 586 craticius

136 621 329 686 exstruitur.

99 722 210 800 Soles,
225 729 262 787 ut
277 723 327 786 ait
343 719 489 799 Verrius,
502 730 557 786 est
570 741 636 786 nou
652 721 760 786 solnm
777 741 829 798 en,
844 741 920 805 quor
936 721 1010 785 solo
1060 721 1185 805 [Fnsr.

137 823 234 906 pedis
259 822 449 906 subjicitur,
463 823 524 886 sed
546 825 643 886 etium
671 841 730 906 pro
752 823 888 888 materis
910 823 1071 899 robustas
1087 843 1186 907 super

136 943 236 1006 quarn
251 925 362 1007 paries
377 926 536 990 craticius
547 925 737 989 exstruitur.

97 1023 273 1090 Solioiture
282 1023 318 1064 ⁶³¹
330 1025 597 1108 quidumdiotum
610 1034 731 1109 putant
742 1025 830 1090 velut
845 1025 940 1089 citare
954 1045 990 1090 ee
1004 1023 1090 1104 sollo,
1105 1025 1188 1112 quod

135 1135 179 1188 est
193 1145 237 1190 ex
254 1144 316 1190 suo
337 1126 424 1203 loco,
445 1145 485 1190 no
504 1127 668 1190 sententis
693 1146 834 1189 mouere:
855 1125 963 1190 sollum
983 1137 1085 1191 nutent
1106 1131 1185 1212 quin

134 1226 299 1310 significet
311 1227 433 1303 locum,
448 1228 525 1310 quis
539 1223 688 1291 dubitet?
709 1247 778 1290 cum
794 1225 908 1292 essolet
922 1247 1057 1312 quoque
1072 1228 1186 1296 diosn-

134 1333 185 1392 iut
199 1330 277 1393 loco
293 1328 479 1413 patriorum
489 1325 586 1411 puisi.

96 1427 272 1494 Solioitnro
291 1437 344 1494 est
357 1431 430 1494 solo
445 1431 560 1506 citare,
585 1429 620 1494 id
635 1437 698 1507 est,
711 1449 755 1495 err
771 1449 834 1494 suo
857 1432 935 1496 looo
959 1451 1031 1497 mo·
1052 1432 1185 1511 [Pnuo.

134 1549 230 1596 rere:
254 1531 360 1596 solutn
383 1539 493 1597 untetn
516 1533 597 1613 quin
624 1531 923 1614 significetlocum‚
937 1533 1013 1616 quis
1029 1535 1185 1600 dubitet'i

134 1650 212 1695 oum
227 1633 362 1696 exsules
377 1651 509 1716 qnoque
524 1630 678 1697 dicuutur
691 1632 766 1696 loco
780 1633 899 1716 putriae
909 1651 982 1698 suae
997 1633 1101 1717 pulsi.

97 1730 215 1797 Solidn
229 1730 335 1810 sellu,¹
351 1734 397 1797 sit
412 1731 558 1811 Verrius,
568 1731 670 1798 sedere
684 1743 749 1796 tuns
763 1733 829 1818 quie
839 1734 987 1818 anetur,
998 1754 1075 1801 curu
1090 1755 1186 1802 muno

134 1853 268 1918 surgens
294 1833 477 1919 auspicandi
504 1834 611 1920 gretia
641 1833 824 1920 eotgsluvit:
858 1835 949 1917 qnod
972 1836 1101 1920 antiqui
1126 1857 1186 1902 ex·

123 2099 137 2144 s
157 2094 308 2157 legeorum
320 2099 407 2146 monet
418 2096 484 2148 Dee.
502 2103 531 2147 nt
547 2095 573 2146 iu
591 2103 645 2147 tet.
660 2096 719 2146 eod.
736 2095 837 2146 nuens
854 2093 972 2160 retsstsu
988 2095 1029 2146 rel
1046 2097 1186 2150 niues·-

91 2157 154 2210 Vet.
166 2161 225 2210 eod.
235 2160 382 2210 Sollicitare.

587 2306 694 2361 NOTAE

90 2435 106 2470 ι
118 2419 215 2472 Gneo
227 2419 305 2485 isles,
316 2429 324 2453 ¹
334 2417 427 2488 psills‚'
442 2423 524 2474 solers
542 2423 621 2474 dedu·
657 2422 717 2483 ries,
728 2423 789 2484 pesti
800 2427 878 2472 essm
888 2425 961 2471 tetre:
977 2415 1187 2480 dursemtstiii

89 2497 134 2546 eit.
155 2498 231 2547 ltlest.
657 2497 833 2562 uidetur‚iiletl
843 2501 904 2562 quoe
918 2500 950 2548 eu
968 2499 1186 2549 tutsssus'tds'etsst

121 2571 284 2624 tumerem
305 2575 400 2638 quidese
419 2575 509 2623 tiietees
525 2572 623 2637 petest]
657 2573 767 2622 ultre.
786 2573 857 2623 Nihil
870 2575 972 2625 omuino
984 2575 1186 2638 pretermissum

86 2649 201 2714 Integre
222 2645 294 2700 Festi
322 2651 402 2700 verbe
420 2647 496 2700 effert
514 2651 620 2713 Cstpur·
659 2656 699 2698 est
710 2649 743 2700 tle
755 2651 883 2700 sententis
895 2651 976 2716 Festi,
985 2651 1095 2704 fortusse
1108 2667 1140 2703 ue
1151 2653 1185 2703 ‹le

87 2727 149 2776 ttius
160 2726 195 2775 sel
207 2727 314 2776 Terent.
325 2725 504 2775 Heautontiur.
516 2732 566 2776 set.
576 2740 620 2776 ttr.
659 2724 745 2774 serbis
757 2725 870 2790 qrridern.
902 2725 1051 2792 ‘Evigilsre
1066 2728 1185 2792 surgendi

87 2815 128 2851 se.
141 2805 165 2851 l.
180 2797 448 2866 ‘Solicltsrequitlstn
465 2801 563 2850 dieturu
575 2818 621 2866 pn·
659 2803 751 2854 ceuss’
771 2811 811 2854 eet
827 2805 890 2855 deta
905 2820 984 2870 opers
1000 2813 1058 2870 post
1075 2806 1185 2856 medistn

88 2884 150 2927 tent
159 2877 241 2928 vetuti
253 2878 336 2927 uitsre
348 2891 380 2926 ert
397 2877 460 2938 tolo,
470 2878 518 2927 lton
530 2887 579 2934 eet,
590 2893 622 2927 es
659 2887 760 2930 noctem
769 2891 949 2945 experrectum
958 2881 1062 2930 silentio
1072 2895 1185 2947 surgere,

88 2969 138 3003 suo
150 2955 209 3004 loeo
219 2967 249 3003 sc
260 2953 388 3003 sententis
397 2965 517 3002 mouere:
538 2955 619 3004 solutu
659 2955 808 3020 suspirandi
820 2970 912 3005 rsrrssr
930 2957 967 3006 its
978 2957 1044 3005 enirn
1052 2957 1186 3021 suspieen-

87 3035 178 3078 sntetn
202 3027 265 3093 quin
296 3025 425 3091 significet
445 3027 548 3084 tecum?
570 3031 619 3080 &u
660 3033 727 3082 tibus
743 3047 798 3080 uros
813 3041 870 3081 eret
884 3033 909 3080 in
921 3032 1003 3081 solirle
1014 3033 1076 3083 selle
1086 3033 1188 3095 sedere,

85 3103 165 3154 Iolen.
660 3112 689 3156 ut
699 3122 777 3171 suprs
789 3108 814 3156 iu
826 3109 833 3135 ‘
843 3103 968 3156 Silentio'
980 3105 1101 3156 retertur.
1117 3107 1186 3158 Rer-

122 3180 131 3213 ¹
145 3179 233 3230 Solius
242 3177 312 3242 sellu]
334 3179 426 3229 Festus
441 3177 544 3228 vitietur
554 3179 619 3228 Ver·
660 3189 687 3232 te
698 3189 784 3232 tutent
796 3177 905 3231 Verrius
922 3181 1032 3230 ‘eolides
1043 3179 1134 3232 seiles'
1147 3190 1186 3232 tu·

85 3256 156 3306 rium
168 3255 360 3320 reprehendere
372 3257 396 3304 tn
407 3255 483 3318 hujus
493 3257 529 3304 rei
539 3257 619 3304 iuter·
661 3259 700 3306 tes
718 3257 924 3322 interpretetur:
949 3269 1006 3304 netu
1019 3257 1104 3306 Verrii
1121 3264 1186 3308 tens·

83 3333 254 3397 pretstioue:
272 3339 298 3382 et
307 3331 420 3381 ostendit
432 3331 549 3394 religioni
558 3330 619 3379 luis·
659 3333 763 3398 poribus
775 3334 850 3396 uulgo
863 3342 915 3382 tero
927 3338 1014 3382 uotum
1025 3337 1080 3380 esst
1088 3333 1186 3382 solideris

84 3424 118 3459 se
129 3407 260 3474 aliquibus
276 3419 326 3455 nott
344 3407 426 3457 selide
437 3403 501 3457 selle
518 3407 618 3462 sedere,
658 3424 674 3458 s
690 3411 738 3458 seio
756 3409 865 3469 dictum,
880 3423 955 3471 quens
973 3409 1046 3456 sotum
1062 3407 1130 3458 idens
1143 3422 1186 3459 rs·

82 3483 157 3550 qnod
170 3487 260 3533 essent
278 3483 369 3546 sliqute
389 3483 475 3546 ntique
494 3493 526 3532 ex
545 3491 619 3547 perte
658 3483 797 3548 lere‚quosl
809 3487 892 3533 tetum.
926 3483 1010 3544 igitur
1022 3481 1089 3532 itletn
1101 3489 1143 3533 est
1154 3497 1185 3534 se

80 3567 235 3610 exossato.
265 3557 443 3621 Repreheodlt
454 3566 540 3607 eutero
552 3557 620 3622 quoti
657 3559 680 3608 si
700 3559 817 3620 dixisset,
835 3557 915 3608 diotre
931 3557 1022 3616 selide,
1040 3557 1107 3621 utrosl
1121 3559 1187 3622 seta,

82 3635 202 3688 solidum
225 3633 322 3683 dixerit
341 3641 434 3683 toturn.
467 3633 562 3682 Cetera
582 3632 621 3681 in·
658 3633 684 3682 ld
702 3638 841 3690 est‚tote.
874 3633 962 3684 Qitsre
980 3631 1051 3682 vides
1067 3635 1186 3698 strpere

80 3719 162 3762 certe
174 3716 247 3759 sunt.
271 3706 412 3758 vincente
424 3705 623 3757 ‘Silioeruiutn.'
658 3707 762 3771 cipiteru
780 3707 851 3757 Festi
872 3708 982 3757 colorem
1002 3707 1027 3757 iu
1047 3709 1186 3772 reprehen-

80 3787 150 3838 Διί.
161 3785 230 3845 Aug.
659 3782 744 3833 dendo
759 3783 811 3846 illo,
829 3798 845 3832 ι
855 3797 907 3848 quo
926 3790 999 3832 sente
1010 3783 1076 3833 bons
1087 3782 1185 3833 didius·

119 3858 219 3922 saue]
236 3857 320 3907 Soura
336 3857 403 3920 retu,
414 3859 460 3914 eit,
473 3859 553 3908 utine
570 3862 621 3907 issa
659 3866 707 3908 rst.
731 3859 825 3908 Selteur
838 3857 949 3907 debebat
961 3857 1106 3905 meminisse
1116 3857 1185 3921 quod

78 3939 139 4004 quis
150 3937 327 3997 interemere
341 3947 410 3983 muse
424 3935 536 3996 urgant
551 3949 622 3982 erues
661 3932 721 3983 slibl
733 3939 806 3982 notet
823 3933 855 3981 de
869 3929 1040 3985 ‘soliferreol
1055 3931 1187 3990 ‘solerte‚'

77 4015 230 4080 nigsseeii:
248 4011 413 4077 pesdestipsi
423 4025 531 4075 expresse
543 4013 573 4061 et
584 4011 620 4062 is·
659 4018 688 4060 et
716 4007 852 4057 ‘solenne’
884 4007 979 4054 verum
1002 4003 1119 4067 profecto
1148 4009 1186 4060 its

79 4095 176 4146 serim
194 4095 267 4156 perte
286 4091 414 4137 neemia
439 4087 620 4146 messeieteet
659 4091 715 4138 est:
741 4087 774 4134 sd
791 4081 1038 4147 reprehendendum,
1053 4097 1128 4147 quem
1151 4085 1185 4136 sd

76 4173 161 4232 edes,
178 4182 239 4232 psus
253 4165 343 4214 sutiles
361 4165 423 4226 ides,
437 4161 544 4226 pediu
558 4163 620 4213 sitii
658 4160 810 4215 discentium
819 4155 1001 4226 propensiores
1012 4169 1106 4214 sunrus.
1122 4159 1185 4212 Dee.

77 4253 139 4301 eret
149 4257 289 4301 essm.
300 4239 459 4306 sppelielssi,
469 4237 547 4302 terete
562 4238 617 4290 Ver·
