<?xml version="1.0" encoding="UTF-8"?>
<!DOCTYPE html PUBLIC "-//W3C//DTD XHTML 1.0 Transitional//EN"
    "http://www.w3.org/TR/xhtml1/DTD/xhtml1-transitional.dtd">
<html xmlns="http://www.w3.org/1999/xhtml" xml:lang="en" lang="en">
 <head>
  <title>
</title>
<meta http-equiv="Content-Type" content="text/html;charset=utf-8" />
  <meta name='ocr-system' content='tesseract 3.04.00' />
  <meta name='ocr-capabilities' content='ocr_page ocr_carea ocr_par ocr_line ocrx_word'/>
</head>
<body>
  <div class='ocr_page' id='page_1' title='image "./mverriiflacciqu02flacgoog/mverriiflacciqu02flacgoog_0672.png"; bbox 0 0 2934 4864; ppageno 0'>
   <div class='ocr_carea' id='block_1_1' title="bbox 495 397 1178 465">
    <p class='ocr_par' dir='ltr' id='par_1_1' title="bbox 495 397 1178 465">
     <span class='ocr_line' id='line_1_1' title="bbox 495 397 1178 465; baseline -0.009 -7"><span class='ocrx_word' id='word_1_1' title='bbox 495 407 772 459; x_wconf 75' lang='lat' dir='ltr'><strong>raaouuarnu.</strong></span> <span class='ocrx_word' id='word_1_2' title='bbox 1091 397 1178 465; x_wconf 67' lang='lat'>1167</span> 
     </span>
    </p>
   </div>
   <div class='ocr_carea' id='block_1_2' title="bbox 56 545 1179 3461">
    <p class='ocr_par' dir='ltr' id='par_1_2' title="bbox 93 545 1177 642">
     <span class='ocr_line' id='line_1_2' title="bbox 93 545 1177 642; baseline 0.006 -28"><span class='ocrx_word' id='word_1_3' title='bbox 93 551 231 632; x_wconf 74' lang='lat' dir='ltr'><strong>longum,</strong></span> <span class='ocrx_word' id='word_1_4' title='bbox 255 545 414 642; x_wconf 73' lang='lat' dir='ltr'><strong>manibrio</strong></span> <span class='ocrx_word' id='word_1_5' title='bbox 434 546 577 628; x_wconf 81' lang='lat' dir='ltr'><strong>eburneo,</strong></span> <span class='ocrx_word' id='word_1_6' title='bbox 602 550 749 628; x_wconf 64' lang='lat' dir='ltr'><strong>rotunda</strong></span> <span class='ocrx_word' id='word_1_7' title='bbox 774 549 895 630; x_wconf 87' lang='lat' dir='ltr'><strong>solido,</strong></span> <span class='ocrx_word' id='word_1_8' title='bbox 918 552 1037 618; x_wconf 81' lang='lat' dir='ltr'><strong>vincto</strong></span> <span class='ocrx_word' id='word_1_9' title='bbox 1054 554 1098 618; x_wconf 86' lang='lat' dir='ltr'><strong>ad</strong></span> <span class='ocrx_word' id='word_1_10' title='bbox 1120 575 1177 621; x_wconf 88' lang='lat' dir='ltr'><strong>na-</strong></span> 
     </span>
    </p>

    <p class='ocr_par' dir='ltr' id='par_1_3' title="bbox 88 649 1179 740">
     <span class='ocr_line' id='line_1_3' title="bbox 88 649 1179 740; baseline 0.006 -28"><span class='ocrx_word' id='word_1_11' title='bbox 88 649 194 734; x_wconf 85' lang='lat' dir='ltr'><strong>pulum</strong></span> <span class='ocrx_word' id='word_1_12' title='bbox 217 671 297 712; x_wconf 86' lang='lat' dir='ltr'><strong>ouro</strong></span> <span class='ocrx_word' id='word_1_13' title='bbox 321 660 480 735; x_wconf 76' lang='lat' dir='ltr'><strong><em>argentoq.</em></strong></span> <span class='ocrx_word' id='word_1_14' title='bbox 499 651 604 714; x_wconf 85' lang='lat' dir='ltr'><strong>fixum</strong></span> <span class='ocrx_word' id='word_1_15' title='bbox 625 651 732 716; x_wconf 84' lang='lat' dir='ltr'><strong>clavis</strong></span> <span class='ocrx_word' id='word_1_16' title='bbox 753 653 868 729; x_wconf 81' lang='lat' dir='ltr'><strong>aeneis,</strong></span> <span class='ocrx_word' id='word_1_17' title='bbox 892 673 957 718; x_wconf 77' lang='lat' dir='ltr'><strong>mre</strong></span> <span class='ocrx_word' id='word_1_18' title='bbox 975 651 1104 740; x_wconf 82' lang='lat' dir='ltr'><strong>Cyprio,</strong></span> <span class='ocrx_word' id='word_1_19' title='bbox 1118 677 1179 740; x_wconf 87' lang='lat' dir='ltr'><strong>quo</strong></span> 
     </span>
    </p>

    <p class='ocr_par' dir='ltr' id='par_1_4' title="bbox 93 749 1179 838">
     <span class='ocr_line' id='line_1_4' title="bbox 93 749 1179 838; baseline 0.006 -24"><span class='ocrx_word' id='word_1_20' title='bbox 93 749 262 828; x_wconf 79' lang='lat' dir='ltr'><strong>Flumines,</strong></span> <span class='ocrx_word' id='word_1_21' title='bbox 292 752 487 816; x_wconf 76' lang='lat' dir='ltr'><strong>Flaminiae</strong></span> <span class='ocrx_word' id='word_1_22' title='bbox 519 751 675 834; x_wconf 77' lang='lat' dir='ltr'><strong>Virgines,</strong></span> <span class='ocrx_word' id='word_1_23' title='bbox 712 749 907 838; x_wconf 77' lang='lat' dir='ltr'><strong>Poatficrsq.</strong></span> <span class='ocrx_word' id='word_1_24' title='bbox 943 752 986 816; x_wconf 83' lang='lat' dir='ltr'><strong>nd</strong></span> <span class='ocrx_word' id='word_1_25' title='bbox 1018 757 1179 822; x_wconf 80' lang='lat' dir='ltr'><strong>aucrfficia</strong></span> 
     </span>
    </p>

    <p class='ocr_par' dir='ltr' id='par_1_5' title="bbox 91 850 1178 938">
     <span class='ocr_line' id='line_1_5' title="bbox 91 850 1178 938; baseline 0.003 -20"><span class='ocrx_word' id='word_1_26' title='bbox 91 858 231 919; x_wconf 89' lang='lat' dir='ltr'><strong>utuntur.</strong></span> <span class='ocrx_word' id='word_1_27' title='bbox 276 851 394 917; x_wconf 83' lang='lat' dir='ltr'><strong>Eadem</strong></span> <span class='ocrx_word' id='word_1_28' title='bbox 413 851 492 916; x_wconf 78' lang='lat' dir='ltr'><strong>alios</strong></span> <span class='ocrx_word' id='word_1_29' title='bbox 515 850 640 930; x_wconf 79' lang='lat' dir='ltr'><strong>dicitur,</strong></span> <span class='ocrx_word' id='word_1_30' title='bbox 661 873 723 938; x_wconf 85' lang='lat' dir='ltr'><strong>qua</strong></span> <span class='ocrx_word' id='word_1_31' title='bbox 744 855 778 918; x_wconf 92' lang='lat' dir='ltr'><strong>in</strong></span> <span class='ocrx_word' id='word_1_32' title='bbox 794 856 940 920; x_wconf 87' lang='lat' dir='ltr'><strong>sacrario</strong></span> <span class='ocrx_word' id='word_1_33' title='bbox 954 864 1106 922; x_wconf 85' lang='lat' dir='ltr'><strong>utuntur:</strong></span> <span class='ocrx_word' id='word_1_34' title='bbox 1127 879 1178 921; x_wconf 78' lang='lat' dir='ltr'><strong>so-</strong></span> 
     </span>
    </p>

    <p class='ocr_par' dir='ltr' id='par_1_6' title="bbox 90 947 1178 1041">
     <span class='ocr_line' id='line_1_6' title="bbox 90 947 1178 1041; baseline 0.004 -23"><span class='ocrx_word' id='word_1_35' title='bbox 90 953 189 1018; x_wconf 75' lang='lat' dir='ltr'><strong>crarta</strong></span> <span class='ocrx_word' id='word_1_36' title='bbox 201 975 306 1041; x_wconf 86' lang='lat' dir='ltr'><strong>aomq.</strong></span> <span class='ocrx_word' id='word_1_37' title='bbox 321 954 355 1018; x_wconf 84' lang='lat' dir='ltr'><strong>r&#39;a</strong></span> <span class='ocrx_word' id='word_1_38' title='bbox 369 952 488 1037; x_wconf 78' lang='lat' dir='ltr'><strong>templis</strong></span> <span class='ocrx_word' id='word_1_39' title='bbox 511 955 657 1020; x_wconf 80' lang='lat' dir='ltr'>rediculo</span> <span class='ocrx_word' id='word_1_40' title='bbox 667 963 692 995; x_wconf 87' lang='lat'><strong>¹¹</strong></span> <span class='ocrx_word' id='word_1_41' title='bbox 708 975 803 1020; x_wconf 82' lang='lat' dir='ltr'><strong>teneo</strong></span> <span class='ocrx_word' id='word_1_42' title='bbox 818 956 899 1021; x_wconf 89' lang='lat' dir='ltr'><strong>olim</strong></span> <span class='ocrx_word' id='word_1_43' title='bbox 915 947 1129 1040; x_wconf 69' lang='lat' dir='ltr'><strong>capiebantur,</strong></span> <span class='ocrx_word' id='word_1_44' title='bbox 1145 959 1178 1022; x_wconf 84' lang='lat' dir='ltr'><strong>ia</strong></span> 
     </span>
    </p>

    <p class='ocr_par' dir='ltr' id='par_1_7' title="bbox 88 1055 1175 1142">
     <span class='ocr_line' id='line_1_7' title="bbox 88 1055 1175 1142; baseline 0.006 -23"><span class='ocrx_word' id='word_1_45' title='bbox 88 1077 146 1141; x_wconf 85' lang='lat' dir='ltr'><strong>qao</strong></span> <span class='ocrx_word' id='word_1_46' title='bbox 160 1057 252 1122; x_wconf 79' lang='lat' dir='ltr'><strong>tubae</strong></span> <span class='ocrx_word' id='word_1_47' title='bbox 266 1055 392 1120; x_wconf 77' lang='lat' dir='ltr'><strong>relictae</strong></span> <span class='ocrx_word' id='word_1_48' title='bbox 408 1061 495 1132; x_wconf 87' lang='lat' dir='ltr'><strong>suat,</strong></span> <span class='ocrx_word' id='word_1_49' title='bbox 509 1076 568 1139; x_wconf 87' lang='lat' dir='ltr'><strong>per</strong></span> <span class='ocrx_word' id='word_1_50' title='bbox 586 1077 663 1142; x_wconf 78' lang='lat' dir='ltr'><strong>quus</strong></span> <span class='ocrx_word' id='word_1_51' title='bbox 682 1056 798 1122; x_wconf 75' lang='lat' dir='ltr'><strong>mortib.</strong></span> <span class='ocrx_word' id='word_1_52' title='bbox 819 1077 908 1122; x_wconf 80' lang='lat' dir='ltr'><strong>roera</strong></span> <span class='ocrx_word' id='word_1_53' title='bbox 930 1065 1063 1140; x_wconf 85' lang='lat' dir='ltr'><strong>tangere</strong></span> <span class='ocrx_word' id='word_1_54' title='bbox 1077 1060 1175 1126; x_wconf 86' lang='lat' dir='ltr'><strong>licet:</strong></span> 
     </span>
    </p>

    <p class='ocr_par' dir='ltr' id='par_1_8' title="bbox 87 1154 1178 1241">
     <span class='ocr_line' id='line_1_8' title="bbox 87 1154 1178 1241; baseline 0.002 -19"><span class='ocrx_word' id='word_1_55' title='bbox 87 1167 139 1222; x_wconf 84' lang='lat' dir='ltr'><strong>est</strong></span> <span class='ocrx_word' id='word_1_56' title='bbox 161 1157 216 1221; x_wconf 82' lang='lat' dir='ltr'><strong>loc</strong></span> <span class='ocrx_word' id='word_1_57' title='bbox 238 1158 271 1220; x_wconf 80' lang='lat' dir='ltr'><strong>ia</strong></span> <span class='ocrx_word' id='word_1_58' title='bbox 292 1156 404 1241; x_wconf 84' lang='lat' dir='ltr'><strong>templo</strong></span> <span class='ocrx_word' id='word_1_59' title='bbox 418 1163 510 1220; x_wconf 77' lang='lat' dir='ltr'><strong>Borea</strong></span> <span class='ocrx_word' id='word_1_60' title='bbox 526 1154 623 1222; x_wconf 77' lang='lat' dir='ltr'><strong>Dee.-</strong></span> <span class='ocrx_word' id='word_1_61' title='bbox 646 1159 706 1223; x_wconf 89' lang='lat' dir='ltr'><strong>sed</strong></span> <span class='ocrx_word' id='word_1_62' title='bbox 724 1169 760 1224; x_wconf 91' lang='lat' dir='ltr'><strong>et</strong></span> <span class='ocrx_word' id='word_1_63' title='bbox 780 1161 813 1223; x_wconf 89' lang='lat' dir='ltr'><strong>in</strong></span> <span class='ocrx_word' id='word_1_64' title='bbox 837 1159 914 1224; x_wconf 87' lang='lat' dir='ltr'><strong>aliis</strong></span> <span class='ocrx_word' id='word_1_65' title='bbox 933 1160 1036 1226; x_wconf 80' lang='lat' dir='ltr'><strong>locist</strong></span> <span class='ocrx_word' id='word_1_66' title='bbox 1058 1168 1178 1224; x_wconf 80' lang='lat' dir='ltr'><strong>strant</strong></span> 
     </span>
    </p>

    <p class='ocr_par' dir='ltr' id='par_1_9' title="bbox 86 1257 1176 1344">
     <span class='ocr_line' id='line_1_9' title="bbox 86 1257 1176 1344; baseline -0.001 -22"><span class='ocrx_word' id='word_1_67' title='bbox 86 1257 169 1322; x_wconf 82' lang='lat' dir='ltr'><strong>velut</strong></span> <span class='ocrx_word' id='word_1_68' title='bbox 184 1257 334 1344; x_wconf 81' lang='lat' dir='ltr'><strong>repagula</strong></span> <span class='ocrx_word' id='word_1_69' title='bbox 348 1257 521 1342; x_wconf 80' lang='lat' dir='ltr'><strong>quaedam:</strong></span> <span class='ocrx_word' id='word_1_70' title='bbox 544 1260 593 1324; x_wconf 79' lang='lat' dir='ltr'><strong>ita</strong></span> <span class='ocrx_word' id='word_1_71' title='bbox 607 1262 785 1343; x_wconf 81' lang='lat' dir='ltr'><strong>secespitae</strong></span> <span class='ocrx_word' id='word_1_72' title='bbox 801 1261 953 1325; x_wconf 79' lang='lat' dir='ltr'><strong>dicontur·</strong></span> <span class='ocrx_word' id='word_1_73' title='bbox 965 1261 1056 1326; x_wconf 79' lang='lat' dir='ltr'><strong>duob.</strong></span> <span class='ocrx_word' id='word_1_74' title='bbox 1068 1260 1176 1324; x_wconf 74' lang='lat' dir='ltr'><strong>mota.</strong></span> 
     </span>
    </p>

    <p class='ocr_par' dir='ltr' id='par_1_10' title="bbox 56 1357 1179 3461">
     <span class='ocr_line' id='line_1_10' title="bbox 88 1357 1177 1445; baseline 0.003 -22"><span class='ocrx_word' id='word_1_75' title='bbox 88 1358 191 1439; x_wconf 74' lang='lat' dir='ltr'><strong>Socim</strong></span> <span class='ocrx_word' id='word_1_76' title='bbox 206 1367 269 1439; x_wconf 84' lang='lat' dir='ltr'><strong>est,</strong></span> <span class='ocrx_word' id='word_1_77' title='bbox 281 1358 369 1443; x_wconf 88' lang='lat' dir='ltr'><strong>quod</strong></span> <span class='ocrx_word' id='word_1_78' title='bbox 392 1359 561 1442; x_wconf 79' lang='lat' dir='ltr'><strong>secespita</strong></span> <span class='ocrx_word' id='word_1_79' title='bbox 580 1365 714 1424; x_wconf 82' lang='lat' dir='ltr'><strong>secatur</strong></span> <span class='ocrx_word' id='word_1_80' title='bbox 737 1357 844 1437; x_wconf 81' lang='lat' dir='ltr'><strong>litum,</strong></span> <span class='ocrx_word' id='word_1_81' title='bbox 867 1381 919 1424; x_wconf 81' lang='lat' dir='ltr'><strong>sen</strong></span> <span class='ocrx_word' id='word_1_82' title='bbox 934 1358 1177 1445; x_wconf 65' lang='lat' dir='ltr'><strong>paccataque</strong></span> 
     </span>
     <span class='ocr_line' id='line_1_11' title="bbox 84 1456 1176 1544; baseline 0 -19"><span class='ocrx_word' id='word_1_83' title='bbox 84 1461 195 1525; x_wconf 87' lang='lat' dir='ltr'><strong>soleat</strong></span> <span class='ocrx_word' id='word_1_84' title='bbox 208 1459 405 1524; x_wconf 83' lang='lat' dir='ltr'><strong>necessariis</strong></span> <span class='ocrx_word' id='word_1_85' title='bbox 419 1456 580 1542; x_wconf 71' lang='lat' dir='ltr'><strong>sacrificiis</strong></span> <span class='ocrx_word' id='word_1_86' title='bbox 591 1457 741 1523; x_wconf 74' lang='lat' dir='ltr'><strong>antibat.</strong></span> <span class='ocrx_word' id='word_1_87' title='bbox 785 1460 982 1528; x_wconf 89' lang='lat' dir='ltr'><strong>Saffimenta</strong></span> <span class='ocrx_word' id='word_1_88' title='bbox 1001 1469 1087 1539; x_wconf 88' lang='lat' dir='ltr'><strong>sant,</strong></span> <span class='ocrx_word' id='word_1_89' title='bbox 1098 1481 1176 1544; x_wconf 86' lang='lat' dir='ltr'><strong>qaae</strong></span> 
     </span>
     <span class='ocr_line' id='line_1_12' title="bbox 73 1559 1178 1646; baseline 0.001 -23"><span class='ocrx_word' id='word_1_90' title='bbox 73 1559 240 1646; x_wconf 79' lang='lat' dir='ltr'><strong>faciebant</strong></span> <span class='ocrx_word' id='word_1_91' title='bbox 254 1559 394 1645; x_wconf 73' lang='lat' dir='ltr'><strong>erfelo,</strong></span> <span class='ocrx_word' id='word_1_92' title='bbox 417 1559 538 1642; x_wconf 78' lang='lat' dir='ltr'><strong>mitioq.</strong></span> <span class='ocrx_word' id='word_1_93' title='bbox 553 1561 681 1637; x_wconf 84' lang='lat' dir='ltr'><strong>molito,</strong></span> <span class='ocrx_word' id='word_1_94' title='bbox 697 1559 806 1625; x_wconf 88' lang='lat' dir='ltr'><strong>mulso</strong></span> <span class='ocrx_word' id='word_1_95' title='bbox 825 1581 956 1645; x_wconf 83' lang='lat' dir='ltr'><strong>sparso:</strong></span> <span class='ocrx_word' id='word_1_96' title='bbox 979 1583 1015 1627; x_wconf 86' lang='lat' dir='ltr'><strong>ec</strong></span> <span class='ocrx_word' id='word_1_97' title='bbox 1031 1560 1105 1624; x_wconf 80' lang='lat' dir='ltr'><strong>Diis</strong></span> <span class='ocrx_word' id='word_1_98' title='bbox 1119 1561 1178 1625; x_wconf 53' lang='lat' dir='ltr'><strong>dat</strong></span> 
     </span>
     <span class='ocr_line' id='line_1_13' title="bbox 83 1660 1178 1747; baseline 0.001 -22"><span class='ocrx_word' id='word_1_99' title='bbox 83 1663 200 1726; x_wconf 82' lang='lat' dir='ltr'><strong>bantur</strong></span> <span class='ocrx_word' id='word_1_100' title='bbox 215 1683 249 1726; x_wconf 87' lang='lat' dir='ltr'><strong>eo</strong></span> <span class='ocrx_word' id='word_1_101' title='bbox 262 1673 409 1744; x_wconf 86' lang='lat' dir='ltr'><strong>tempore,</strong></span> <span class='ocrx_word' id='word_1_102' title='bbox 423 1679 489 1743; x_wconf 87' lang='lat' dir='ltr'><strong>quo</strong></span> <span class='ocrx_word' id='word_1_103' title='bbox 499 1679 576 1725; x_wconf 81' lang='lat' dir='ltr'><strong>uvae</strong></span> <span class='ocrx_word' id='word_1_104' title='bbox 590 1660 732 1726; x_wconf 74' lang='lat' dir='ltr'><strong>calcate</strong></span> <span class='ocrx_word' id='word_1_105' title='bbox 746 1661 853 1744; x_wconf 83' lang='lat' dir='ltr'><strong>pralo.</strong></span> <span class='ocrx_word' id='word_1_106' title='bbox 900 1662 1030 1747; x_wconf 80' lang='lat' dir='ltr'><strong>Serpsit,</strong></span> <span class='ocrx_word' id='word_1_107' title='bbox 1045 1663 1093 1726; x_wconf 82' lang='lat' dir='ltr'><strong>uti</strong></span> <span class='ocrx_word' id='word_1_108' title='bbox 1107 1667 1178 1726; x_wconf 81' lang='lat' dir='ltr'><strong>suat</strong></span> 
     </span>
     <span class='ocr_line' id='line_1_14' title="bbox 82 1759 1179 1848; baseline 0 -20"><span class='ocrx_word' id='word_1_109' title='bbox 82 1765 210 1847; x_wconf 82' lang='lat' dir='ltr'>antiqui</span> <span class='ocrx_word' id='word_1_110' title='bbox 236 1759 298 1846; x_wconf 88' lang='lat' dir='ltr'><strong>pro</strong></span> <span class='ocrx_word' id='word_1_111' title='bbox 326 1763 496 1846; x_wconf 78' lang='lat' dir='ltr'><strong>serpserit,</strong></span> <span class='ocrx_word' id='word_1_112' title='bbox 519 1759 599 1825; x_wconf 86' lang='lat' dir='ltr'><strong>unde</strong></span> <span class='ocrx_word' id='word_1_113' title='bbox 624 1761 770 1826; x_wconf 78' lang='lat' dir='ltr'><strong>uidemur</strong></span> <span class='ocrx_word' id='word_1_114' title='bbox 794 1763 928 1848; x_wconf 79' lang='lat' dir='ltr'><strong>serpulse</strong></span> <span class='ocrx_word' id='word_1_115' title='bbox 951 1766 1062 1843; x_wconf 84' lang='lat' dir='ltr'><strong>dictae,</strong></span> <span class='ocrx_word' id='word_1_116' title='bbox 1091 1781 1179 1847; x_wconf 87' lang='lat' dir='ltr'><strong>quas</strong></span> 
     </span>
     <span class='ocr_line' id='line_1_15' title="bbox 78 1861 1178 1953; baseline -0.001 -25"><span class='ocrx_word' id='word_1_117' title='bbox 78 1884 169 1929; x_wconf 90' lang='lat' dir='ltr'><strong>nunc</strong></span> <span class='ocrx_word' id='word_1_118' title='bbox 185 1873 343 1952; x_wconf 70' lang='lat' dir='ltr'><strong>serpentes</strong></span> <span class='ocrx_word' id='word_1_119' title='bbox 365 1861 493 1926; x_wconf 77' lang='lat' dir='ltr'><strong>elicimus</strong></span> <span class='ocrx_word' id='word_1_120' title='bbox 513 1885 550 1927; x_wconf 83' lang='lat' dir='ltr'><strong>er</strong></span> <span class='ocrx_word' id='word_1_121' title='bbox 577 1861 705 1942; x_wconf 76' lang='lat' dir='ltr'><strong>Gracc,</strong></span> <span class='ocrx_word' id='word_1_122' title='bbox 731 1866 813 1949; x_wconf 88' lang='lat' dir='ltr'><strong>quia</strong></span> <span class='ocrx_word' id='word_1_123' title='bbox 835 1866 885 1930; x_wconf 93' lang='lat' dir='ltr'><strong>illi</strong></span> <span class='ocrx_word' id='word_1_124' title='bbox 908 1869 1022 1953; x_wconf 62' lang='lat' dir='ltr'><strong>tereret,</strong></span> <span class='ocrx_word' id='word_1_125' title='bbox 1044 1885 1105 1930; x_wconf 90' lang='lat' dir='ltr'><strong>nos</strong></span> <span class='ocrx_word' id='word_1_126' title='bbox 1115 1885 1178 1949; x_wconf 91' lang='lat' dir='ltr'><strong>pro</strong></span> 
     </span>
     <span class='ocr_line' id='line_1_16' title="bbox 79 1965 1176 2052; baseline -0.005 -21"><span class='ocrx_word' id='word_1_127' title='bbox 79 1966 271 2052; x_wconf 75' lang='lat' dir='ltr'><strong>aspiratione</strong></span> <span class='ocrx_word' id='word_1_128' title='bbox 292 1985 397 2030; x_wconf 85' lang='lat' dir='ltr'><strong>eornm</strong></span> <span class='ocrx_word' id='word_1_129' title='bbox 417 1966 441 2029; x_wconf 91' lang='lat' dir='ltr'>S</span> <span class='ocrx_word' id='word_1_130' title='bbox 466 1966 561 2036; x_wconf 81' lang='lat' dir='ltr'><strong>litera</strong></span> <span class='ocrx_word' id='word_1_131' title='bbox 584 1966 709 2048; x_wconf 86' lang='lat' dir='ltr'><strong>posita,</strong></span> <span class='ocrx_word' id='word_1_132' title='bbox 735 1975 773 2030; x_wconf 90' lang='lat' dir='ltr'><strong>ut</strong></span> <span class='ocrx_word' id='word_1_133' title='bbox 793 1965 836 2044; x_wconf 66' lang='grc' dir='ltr'><strong>ἓξ,</strong></span> <span class='ocrx_word' id='word_1_134' title='bbox 858 1989 919 2045; x_wconf 80' lang='lat' dir='ltr'><strong>sen,</strong></span> <span class='ocrx_word' id='word_1_135' title='bbox 942 1972 1025 2042; x_wconf 68' lang='lat' dir='ltr'><strong>lare,</strong></span> <span class='ocrx_word' id='word_1_136' title='bbox 1052 1976 1176 2050; x_wconf 81' lang='lat' dir='ltr'><strong>septem.</strong></span> 
     </span>
     <span class='ocr_line' id='line_1_17' title="bbox 77 2065 1176 2154; baseline -0.002 -20"><span class='ocrx_word' id='word_1_137' title='bbox 77 2067 283 2134; x_wconf 89' lang='lat' dir='ltr'><strong>Suffibulum</strong></span> <span class='ocrx_word' id='word_1_138' title='bbox 305 2073 356 2131; x_wconf 87' lang='lat' dir='ltr'><strong>est</strong></span> <span class='ocrx_word' id='word_1_139' title='bbox 378 2068 612 2132; x_wconf 81' lang='lat' dir='ltr'><strong>vestimentum</strong></span> <span class='ocrx_word' id='word_1_140' title='bbox 634 2065 751 2145; x_wconf 84' lang='lat' dir='ltr'><strong>album,</strong></span> <span class='ocrx_word' id='word_1_141' title='bbox 761 2078 957 2152; x_wconf 72' lang='lat' dir='ltr'><strong>protectum,</strong></span> <span class='ocrx_word' id='word_1_142' title='bbox 973 2070 1176 2154; x_wconf 81' lang='lat' dir='ltr'><strong>quadrangu-</strong></span> 
     </span>
     <span class='ocr_line' id='line_1_18' title="bbox 74 2165 1177 2254; baseline 0.002 -22"><span class='ocrx_word' id='word_1_143' title='bbox 74 2170 160 2247; x_wconf 91' lang='lat' dir='ltr'><strong>lum,</strong></span> <span class='ocrx_word' id='word_1_144' title='bbox 175 2169 369 2249; x_wconf 77' lang='lat' dir='ltr'><strong>oblongum,</strong></span> <span class='ocrx_word' id='word_1_145' title='bbox 384 2170 475 2251; x_wconf 87' lang='lat' dir='ltr'><strong>quod</strong></span> <span class='ocrx_word' id='word_1_146' title='bbox 489 2169 524 2233; x_wconf 90' lang='lat' dir='ltr'><strong>iu</strong></span> <span class='ocrx_word' id='word_1_147' title='bbox 540 2167 644 2252; x_wconf 85' lang='lat' dir='ltr'><strong>capite</strong></span> <span class='ocrx_word' id='word_1_148' title='bbox 664 2165 693 2230; x_wconf 84' lang='lat' dir='ltr'><em>V</em></span> <span class='ocrx_word' id='word_1_149' title='bbox 692 2168 806 2254; x_wconf 82' lang='lat' dir='ltr'><strong>irgiaeo</strong></span> <span class='ocrx_word' id='word_1_150' title='bbox 828 2167 967 2234; x_wconf 79' lang='lat' dir='ltr'><strong>Vestales</strong></span> <span class='ocrx_word' id='word_1_151' title='bbox 984 2188 1059 2234; x_wconf 88' lang='lat' dir='ltr'><strong>cum</strong></span> <span class='ocrx_word' id='word_1_152' title='bbox 1074 2170 1177 2234; x_wconf 89' lang='lat' dir='ltr'><strong>sacri·</strong></span> 
     </span>
     <span class='ocr_line' id='line_1_19' title="bbox 72 2265 1175 2353; baseline 0 -19"><span class='ocrx_word' id='word_1_153' title='bbox 72 2271 184 2335; x_wconf 83' lang='lat' dir='ltr'><strong>licant</strong></span> <span class='ocrx_word' id='word_1_154' title='bbox 214 2289 349 2352; x_wconf 83' lang='lat' dir='ltr'><strong>semper</strong></span> <span class='ocrx_word' id='word_1_155' title='bbox 377 2266 488 2332; x_wconf 77' lang='lat' dir='ltr'><strong>lubere</strong></span> <span class='ocrx_word' id='word_1_156' title='bbox 515 2265 623 2346; x_wconf 82' lang='lat' dir='ltr'><strong>solent,</strong></span> <span class='ocrx_word' id='word_1_157' title='bbox 651 2268 720 2353; x_wconf 87' lang='lat' dir='ltr'><strong>idq.</strong></span> <span class='ocrx_word' id='word_1_158' title='bbox 745 2269 848 2333; x_wconf 86' lang='lat' dir='ltr'><strong>fibula</strong></span> <span class='ocrx_word' id='word_1_159' title='bbox 877 2268 1175 2352; x_wconf 87' lang='lat' dir='ltr'><strong>comprehenditur.</strong></span> 
     </span>
     <span class='ocr_line' id='line_1_20' title="bbox 75 2369 1177 2455; baseline -0.002 -21"><span class='ocrx_word' id='word_1_160' title='bbox 75 2370 219 2435; x_wconf 82' lang='lat' dir='ltr'><strong>Silentio</strong></span> <span class='ocrx_word' id='word_1_161' title='bbox 232 2389 356 2455; x_wconf 77' lang='lat' dir='ltr'><strong>surgere</strong></span> <span class='ocrx_word' id='word_1_162' title='bbox 374 2369 420 2433; x_wconf 87' lang='lat' dir='ltr'><strong>oit</strong></span> <span class='ocrx_word' id='word_1_163' title='bbox 436 2370 514 2448; x_wconf 88' lang='lat' dir='ltr'><strong>dici,</strong></span> <span class='ocrx_word' id='word_1_164' title='bbox 529 2370 586 2434; x_wconf 90' lang='lat' dir='ltr'><strong>ubi</strong></span> <span class='ocrx_word' id='word_1_165' title='bbox 609 2371 664 2454; x_wconf 89' lang='lat' dir='ltr'><strong>qui</strong></span> <span class='ocrx_word' id='word_1_166' title='bbox 681 2375 759 2453; x_wconf 88' lang='lat' dir='ltr'><strong>post</strong></span> <span class='ocrx_word' id='word_1_167' title='bbox 778 2372 923 2434; x_wconf 87' lang='lat' dir='ltr'><strong>mediam</strong></span> <span class='ocrx_word' id='word_1_168' title='bbox 938 2380 1056 2434; x_wconf 85' lang='lat' dir='ltr'><strong>noctem</strong></span> <span class='ocrx_word' id='word_1_169' title='bbox 1070 2369 1177 2454; x_wconf 80' lang='lat' dir='ltr'><strong>anapi-</strong></span> 
     </span>
     <span class='ocr_line' id='line_1_21' title="bbox 71 2469 1178 2549; baseline -0.003 -10"><span class='ocrx_word' id='word_1_170' title='bbox 71 2473 179 2539; x_wconf 88' lang='lat' dir='ltr'><strong>candi</strong></span> <span class='ocrx_word' id='word_1_171' title='bbox 197 2491 303 2538; x_wconf 87' lang='lat' dir='ltr'><strong>causa</strong></span> <span class='ocrx_word' id='word_1_172' title='bbox 318 2491 362 2536; x_wconf 88' lang='lat' dir='ltr'><strong>ex</strong></span> <span class='ocrx_word' id='word_1_173' title='bbox 376 2472 502 2537; x_wconf 87' lang='lat' dir='ltr'><strong>lectulo</strong></span> <span class='ocrx_word' id='word_1_174' title='bbox 516 2491 579 2536; x_wconf 89' lang='lat' dir='ltr'><strong>san</strong></span> <span class='ocrx_word' id='word_1_175' title='bbox 603 2469 726 2535; x_wconf 83' lang='lat' dir='ltr'><strong>silentio</strong></span> <span class='ocrx_word' id='word_1_176' title='bbox 748 2473 900 2549; x_wconf 77' lang='lat' dir='ltr'><strong>surrexit,</strong></span> <span class='ocrx_word' id='word_1_177' title='bbox 924 2478 959 2536; x_wconf 91' lang='lat' dir='ltr'><strong>et</strong></span> <span class='ocrx_word' id='word_1_178' title='bbox 979 2471 1141 2535; x_wconf 88' lang='lat' dir='ltr'><strong>liberatus</strong></span> <span class='ocrx_word' id='word_1_179' title='bbox 1155 2491 1178 2536; x_wconf 91' lang='lat' dir='ltr'><strong>a</strong></span> 
     </span>
     <span class='ocr_line' id='line_1_22' title="bbox 68 2571 1176 2655; baseline -0.003 -16"><span class='ocrx_word' id='word_1_180' title='bbox 68 2575 178 2652; x_wconf 89' lang='lat' dir='ltr'><strong>lecto,</strong></span> <span class='ocrx_word' id='word_1_181' title='bbox 196 2575 230 2638; x_wconf 89' lang='lat' dir='ltr'><strong>in</strong></span> <span class='ocrx_word' id='word_1_182' title='bbox 246 2572 354 2637; x_wconf 88' lang='lat' dir='ltr'><strong>solido</strong></span> <span class='ocrx_word' id='word_1_183' title='bbox 369 2571 522 2654; x_wconf 80' lang='lat' dir='ltr'><strong>seposuit,</strong></span> <span class='ocrx_word' id='word_1_184' title='bbox 535 2573 658 2654; x_wconf 83' lang='lat' dir='ltr'><strong>redetq.</strong></span> <span class='ocrx_word' id='word_1_185' title='bbox 675 2589 717 2634; x_wconf 90' lang='lat' dir='ltr'><strong>ue</strong></span> <span class='ocrx_word' id='word_1_186' title='bbox 731 2571 811 2653; x_wconf 90' lang='lat' dir='ltr'><strong>qnid</strong></span> <span class='ocrx_word' id='word_1_187' title='bbox 824 2590 863 2636; x_wconf 90' lang='lat' dir='ltr'><strong>eo</strong></span> <span class='ocrx_word' id='word_1_188' title='bbox 876 2582 1028 2655; x_wconf 89' lang='lat' dir='ltr'><strong>tempore</strong></span> <span class='ocrx_word' id='word_1_189' title='bbox 1043 2571 1176 2648; x_wconf 86' lang='lat' dir='ltr'><strong>deiciat,</strong></span> 
     </span>
     <span class='ocr_line' id='line_1_23' title="bbox 68 2671 1177 2759; baseline -0.002 -21"><span class='ocrx_word' id='word_1_190' title='bbox 68 2695 222 2759; x_wconf 75' lang='lat' dir='ltr'><strong>rursusq.</strong></span> <span class='ocrx_word' id='word_1_191' title='bbox 238 2693 277 2738; x_wconf 92' lang='lat' dir='ltr'><strong>se</strong></span> <span class='ocrx_word' id='word_1_192' title='bbox 290 2675 325 2738; x_wconf 89' lang='lat' dir='ltr'><strong>in</strong></span> <span class='ocrx_word' id='word_1_193' title='bbox 344 2674 471 2737; x_wconf 88' lang='lat' dir='ltr'><strong>lentum</strong></span> <span class='ocrx_word' id='word_1_194' title='bbox 492 2675 656 2757; x_wconf 78' lang='lat' dir='ltr'><strong>reposuit:</strong></span> <span class='ocrx_word' id='word_1_195' title='bbox 678 2673 743 2738; x_wconf 87' lang='lat' dir='ltr'><strong>hoc</strong></span> <span class='ocrx_word' id='word_1_196' title='bbox 763 2675 849 2738; x_wconf 88' lang='lat' dir='ltr'><strong>euim</strong></span> <span class='ocrx_word' id='word_1_197' title='bbox 873 2680 923 2738; x_wconf 90' lang='lat' dir='ltr'><strong>est</strong></span> <span class='ocrx_word' id='word_1_198' title='bbox 942 2673 1067 2757; x_wconf 82' lang='lat' dir='ltr'><strong>proprie</strong></span> <span class='ocrx_word' id='word_1_199' title='bbox 1082 2671 1177 2737; x_wconf 78' lang='lat' dir='ltr'><strong>solen-</strong></span> 
     </span>
     <span class='ocr_line' id='line_1_24' title="bbox 67 2773 1176 2857; baseline -0.004 -15"><span class='ocrx_word' id='word_1_200' title='bbox 67 2779 172 2854; x_wconf 82' lang='lat' dir='ltr'><strong>tium,</strong></span> <span class='ocrx_word' id='word_1_201' title='bbox 184 2775 296 2838; x_wconf 89' lang='lat' dir='ltr'><strong>omnis</strong></span> <span class='ocrx_word' id='word_1_202' title='bbox 310 2773 430 2838; x_wconf 82' lang='lat' dir='ltr'><strong>vitilia</strong></span> <span class='ocrx_word' id='word_1_203' title='bbox 446 2774 608 2857; x_wconf 78' lang='lat' dir='ltr'><strong>auspiciis</strong></span> <span class='ocrx_word' id='word_1_204' title='bbox 622 2773 888 2853; x_wconf 68' lang='lat' dir='ltr'><strong>[laqueatas.</strong></span> <span class='ocrx_word' id='word_1_205' title='bbox 931 2774 1100 2839; x_wconf 76' lang='lat' dir='ltr'><strong>Veranius</strong></span> <span class='ocrx_word' id='word_1_206' title='bbox 1114 2775 1176 2850; x_wconf 85' lang='lat' dir='ltr'><strong>ait,</strong></span> 
     </span>
     <span class='ocr_line' id='line_1_25' title="bbox 64 2873 1175 2958; baseline -0.006 -16"><span class='ocrx_word' id='word_1_207' title='bbox 64 2897 138 2942; x_wconf 90' lang='lat' dir='ltr'><strong>non</strong></span> <span class='ocrx_word' id='word_1_208' title='bbox 155 2876 249 2958; x_wconf 85' lang='lat' dir='ltr'><strong>utiq.</strong></span> <span class='ocrx_word' id='word_1_209' title='bbox 272 2893 316 2938; x_wconf 84' lang='lat' dir='ltr'><strong>ex</strong></span> <span class='ocrx_word' id='word_1_210' title='bbox 337 2875 441 2952; x_wconf 90' lang='lat' dir='ltr'><strong>lecto,</strong></span> <span class='ocrx_word' id='word_1_211' title='bbox 457 2873 517 2938; x_wconf 86' lang='lat' dir='ltr'><strong>sed</strong></span> <span class='ocrx_word' id='word_1_212' title='bbox 533 2893 576 2937; x_wconf 87' lang='lat' dir='ltr'><strong>ex</strong></span> <span class='ocrx_word' id='word_1_213' title='bbox 591 2875 704 2948; x_wconf 89' lang='lat' dir='ltr'><strong>cubili,</strong></span> <span class='ocrx_word' id='word_1_214' title='bbox 719 2893 759 2936; x_wconf 92' lang='lat' dir='ltr'><strong>ae</strong></span> <span class='ocrx_word' id='word_1_215' title='bbox 771 2881 798 2912; x_wconf 81' lang='lat'><strong>¹¹</strong></span> <span class='ocrx_word' id='word_1_216' title='bbox 814 2893 925 2937; x_wconf 87' lang='lat' dir='ltr'><strong>rursus</strong></span> <span class='ocrx_word' id='word_1_217' title='bbox 949 2892 986 2937; x_wconf 90' lang='lat' dir='ltr'><strong>se</strong></span> <span class='ocrx_word' id='word_1_218' title='bbox 1002 2875 1034 2937; x_wconf 91' lang='lat' dir='ltr'><strong>in</strong></span> <span class='ocrx_word' id='word_1_219' title='bbox 1050 2875 1175 2937; x_wconf 86' lang='lat' dir='ltr'><strong>lectum</strong></span> 
     </span>
     <span class='ocr_line' id='line_1_26' title="bbox 61 2972 1177 3062; baseline -0.004 -19"><span class='ocrx_word' id='word_1_220' title='bbox 61 2995 244 3062; x_wconf 89' lang='lat' dir='ltr'><strong>reponere</strong></span> <span class='ocrx_word' id='word_1_221' title='bbox 265 2994 401 3040; x_wconf 87' lang='lat' dir='ltr'><strong>necesse</strong></span> <span class='ocrx_word' id='word_1_222' title='bbox 422 2993 507 3038; x_wconf 87' lang='lat' dir='ltr'><strong>esse.</strong></span> <span class='ocrx_word' id='word_1_223' title='bbox 551 2973 748 3056; x_wconf 84' lang='lat' dir='ltr'><strong>Sarpiuatur</strong></span> <span class='ocrx_word' id='word_1_224' title='bbox 773 2973 891 3050; x_wconf 82' lang='lat' dir='ltr'><strong>vineoe,</strong></span> <span class='ocrx_word' id='word_1_225' title='bbox 913 2972 949 3036; x_wconf 89' lang='lat' dir='ltr'><strong>id</strong></span> <span class='ocrx_word' id='word_1_226' title='bbox 970 2977 1034 3047; x_wconf 88' lang='lat' dir='ltr'><strong>est,</strong></span> <span class='ocrx_word' id='word_1_227' title='bbox 1056 2980 1177 3056; x_wconf 84' lang='lat' dir='ltr'><strong>putan-</strong></span> 
     </span>
     <span class='ocr_line' id='line_1_27' title="bbox 62 3071 1176 3157; baseline -0.009 -13"><span class='ocrx_word' id='word_1_228' title='bbox 62 3089 143 3144; x_wconf 85' lang='lat' dir='ltr'><strong>tur:</strong></span> <span class='ocrx_word' id='word_1_229' title='bbox 170 3085 214 3142; x_wconf 90' lang='lat' dir='ltr'><strong>ut</strong></span> <span class='ocrx_word' id='word_1_230' title='bbox 239 3078 275 3140; x_wconf 93' lang='lat' dir='ltr'><strong>iu</strong></span> <span class='ocrx_word' id='word_1_231' title='bbox 302 3091 373 3140; x_wconf 74' lang='lat' dir='ltr'><strong>xta.</strong></span> <span class='ocrx_word' id='word_1_232' title='bbox 419 3073 595 3157; x_wconf 86' lang='lat' dir='ltr'><strong>Quandoq.</strong></span> <span class='ocrx_word' id='word_1_233' title='bbox 626 3079 751 3156; x_wconf 87' lang='lat' dir='ltr'><strong>sarpta,</strong></span> <span class='ocrx_word' id='word_1_234' title='bbox 779 3073 886 3137; x_wconf 87' lang='lat' dir='ltr'><strong>donec</strong></span> <span class='ocrx_word' id='word_1_235' title='bbox 911 3071 1047 3156; x_wconf 90' lang='lat' dir='ltr'><strong>dempta</strong></span> <span class='ocrx_word' id='word_1_236' title='bbox 1069 3079 1176 3136; x_wconf 87' lang='lat' dir='ltr'><strong>erunt.</strong></span> 
     </span>
     <span class='ocr_line' id='line_1_28' title="bbox 59 3173 1179 3254; baseline -0.008 -8"><span class='ocrx_word' id='word_1_237' title='bbox 59 3177 323 3254; x_wconf 88' lang='lat' dir='ltr'><strong>Summanalia,</strong></span> <span class='ocrx_word' id='word_1_238' title='bbox 336 3177 405 3240; x_wconf 90' lang='lat' dir='ltr'><strong>liba</strong></span> <span class='ocrx_word' id='word_1_239' title='bbox 418 3176 586 3242; x_wconf 79' lang='lat' dir='ltr'><strong>farinacea</strong></span> <span class='ocrx_word' id='word_1_240' title='bbox 604 3174 639 3238; x_wconf 92' lang='lat' dir='ltr'><strong>in</strong></span> <span class='ocrx_word' id='word_1_241' title='bbox 655 3173 788 3238; x_wconf 92' lang='lat' dir='ltr'><strong>modum</strong></span> <span class='ocrx_word' id='word_1_242' title='bbox 805 3181 889 3238; x_wconf 87' lang='lat' dir='ltr'><strong>rotae</strong></span> <span class='ocrx_word' id='word_1_243' title='bbox 905 3174 1052 3239; x_wconf 82' lang='lat' dir='ltr'><strong>finctae.¹¹</strong></span> <span class='ocrx_word' id='word_1_244' title='bbox 1098 3173 1179 3238; x_wconf 86' lang='lat' dir='ltr'><strong>sat-</strong></span> 
     </span>
     <span class='ocr_line' id='line_1_29' title="bbox 58 3275 1178 3359; baseline -0.008 -12"><span class='ocrx_word' id='word_1_245' title='bbox 58 3283 204 3359; x_wconf 79' lang='lat' dir='ltr'><strong>tuerat,</strong></span> <span class='ocrx_word' id='word_1_246' title='bbox 231 3281 294 3344; x_wconf 87' lang='lat' dir='ltr'><strong>sub</strong></span> <span class='ocrx_word' id='word_1_247' title='bbox 317 3278 434 3343; x_wconf 89' lang='lat' dir='ltr'><strong>eodem</strong></span> <span class='ocrx_word' id='word_1_248' title='bbox 461 3281 550 3343; x_wconf 88' lang='lat' dir='ltr'><strong>tecto</strong></span> <span class='ocrx_word' id='word_1_249' title='bbox 575 3275 696 3340; x_wconf 86' lang='lat' dir='ltr'><strong>suerat.</strong></span> <span class='ocrx_word' id='word_1_250' title='bbox 739 3275 907 3340; x_wconf 87' lang='lat' dir='ltr'><strong>Scribtum</strong></span> <span class='ocrx_word' id='word_1_251' title='bbox 929 3275 1071 3359; x_wconf 86' lang='lat' dir='ltr'><strong>lapidem</strong></span> <span class='ocrx_word' id='word_1_252' title='bbox 1099 3293 1178 3338; x_wconf 83' lang='lat' dir='ltr'><strong>esse</strong></span> 
     </span>
     <span class='ocr_line' id='line_1_30' title="bbox 56 3373 1178 3461; baseline -0.012 -11"><span class='ocrx_word' id='word_1_253' title='bbox 56 3387 123 3461; x_wconf 87' lang='lat' dir='ltr'><strong>ait,</strong></span> <span class='ocrx_word' id='word_1_254' title='bbox 151 3388 193 3446; x_wconf 89' lang='lat' dir='ltr'><strong>et</strong></span> <span class='ocrx_word' id='word_1_255' title='bbox 218 3383 266 3444; x_wconf 88' lang='lat' dir='ltr'><strong>ita</strong></span> <span class='ocrx_word' id='word_1_256' title='bbox 286 3380 403 3444; x_wconf 84' lang='lat' dir='ltr'><strong>vocari</strong></span> <span class='ocrx_word' id='word_1_257' title='bbox 418 3376 586 3442; x_wconf 86' lang='lat' dir='ltr'><strong>Antistius</strong></span> <span class='ocrx_word' id='word_1_258' title='bbox 607 3375 722 3440; x_wconf 83' lang='lat' dir='ltr'><strong>Labeo</strong></span> <span class='ocrx_word' id='word_1_259' title='bbox 743 3376 777 3440; x_wconf 92' lang='lat' dir='ltr'><strong>in</strong></span> <span class='ocrx_word' id='word_1_260' title='bbox 800 3394 877 3457; x_wconf 83' lang='lat' dir='ltr'><strong>agro</strong></span> <span class='ocrx_word' id='word_1_261' title='bbox 901 3373 1091 3438; x_wconf 84' lang='lat' dir='ltr'><strong>Menullino</strong></span> <span class='ocrx_word' id='word_1_262' title='bbox 1116 3381 1178 3438; x_wconf 62' lang='grc' dir='ltr'><strong>Μ*</strong></span> 
     </span>
    </p>
   </div>
   <div class='ocr_carea' id='block_1_3' title="bbox 56 3473 1174 3561">
    <p class='ocr_par' dir='ltr' id='par_1_11' title="bbox 56 3473 1174 3561">
     <span class='ocr_line' id='line_1_31' title="bbox 56 3473 1174 3561; baseline -0.011 -11"><span class='ocrx_word' id='word_1_263' title='bbox 56 3485 231 3550; x_wconf 86' lang='lat' dir='ltr'><strong>divinam</strong></span> <span class='ocrx_word' id='word_1_264' title='bbox 244 3500 312 3545; x_wconf 89' lang='lat' dir='ltr'><strong>rem</strong></span> <span class='ocrx_word' id='word_1_265' title='bbox 333 3479 495 3544; x_wconf 79' lang='lat' dir='ltr'><strong>iaceret-¹⁵</strong></span> <span class='ocrx_word' id='word_1_266' title='bbox 539 3478 584 3542; x_wconf 91' lang='lat' dir='ltr'><strong>Se</strong></span> <span class='ocrx_word' id='word_1_267' title='bbox 607 3496 742 3561; x_wconf 87' lang='lat' dir='ltr'><strong>quamq.</strong></span> <span class='ocrx_word' id='word_1_268' title='bbox 764 3495 914 3554; x_wconf 82' lang='lat' dir='ltr'><strong>seorsum</strong></span> <span class='ocrx_word' id='word_1_269' title='bbox 933 3494 1067 3558; x_wconf 88' lang='lat' dir='ltr'><strong>quamq.</strong></span> <span class='ocrx_word' id='word_1_270' title='bbox 1111 3473 1174 3539; x_wconf 90' lang='lat' dir='ltr'><strong>Sa-</strong></span> 
     </span>
    </p>
   </div>
   <div class='ocr_carea' id='block_1_4' title="bbox 540 3689 718 3710">
    <p class='ocr_par' dir='ltr' id='par_1_12' title="bbox 540 3689 718 3710">
     <span class='ocr_line' id='line_1_32' title="bbox 540 3689 718 3710; baseline -0.006 0"><span class='ocrx_word' id='word_1_271' title='bbox 540 3691 553 3710; x_wconf 74' lang='grc' dir='ltr'><strong><em>θ</em></strong></span> <span class='ocrx_word' id='word_1_272' title='bbox 556 3689 718 3710; x_wconf 65' lang='grc' dir='ltr'><strong><em>ΜΝΙΟΙ</em></strong></span> 
     </span>
    </p>
   </div>
   <div class='ocr_carea' id='block_1_5' title="bbox 39 3827 1178 3974">
    <p class='ocr_par' dir='ltr' id='par_1_13' title="bbox 39 3827 1178 3974">
     <span class='ocr_line' id='line_1_33' title="bbox 39 3827 1178 3974; baseline -0.015 -78"><span class='ocrx_word' id='word_1_273' title='bbox 39 3911 65 3974; x_wconf 67' lang='lat' dir='ltr'><em>s</em></span> <span class='ocrx_word' id='word_1_274' title='bbox 89 3841 178 3960; x_wconf 48' lang='lat'><strong>11:⁸⁸8</strong></span> <span class='ocrx_word' id='word_1_275' title='bbox 193 3838 371 3891; x_wconf 70' lang='lat' dir='ltr'><strong>reticula-12</strong></span> <span class='ocrx_word' id='word_1_276' title='bbox 387 3836 407 3887; x_wconf 82' lang='lat' dir='ltr'><strong>i.</strong></span> <span class='ocrx_word' id='word_1_277' title='bbox 422 3840 536 3888; x_wconf 75' lang='lat' dir='ltr'><strong>aec-18</strong></span> <span class='ocrx_word' id='word_1_278' title='bbox 553 3834 574 3885; x_wconf 85' lang='lat' dir='ltr'><strong>l&#39;.</strong></span> <span class='ocrx_word' id='word_1_279' title='bbox 582 3835 646 3902; x_wconf 77' lang='lat' dir='ltr'><strong>fleta</strong></span> <span class='ocrx_word' id='word_1_280' title='bbox 657 3835 697 3886; x_wconf 81' lang='lat' dir='ltr'><strong>vel</strong></span> <span class='ocrx_word' id='word_1_281' title='bbox 709 3835 853 3896; x_wconf 76' lang='lat' dir='ltr'><strong>sarta-il</strong></span> <span class='ocrx_word' id='word_1_282' title='bbox 868 3831 890 3882; x_wconf 74' lang='lat' dir='ltr'><strong>t&#39;.</strong></span> <span class='ocrx_word' id='word_1_283' title='bbox 907 3831 973 3884; x_wconf 71' lang='lat' dir='ltr'><strong>ruli</strong></span> <span class='ocrx_word' id='word_1_284' title='bbox 983 3829 1140 3881; x_wconf 68' lang='lat' dir='ltr'><strong>urite-le</strong></span> <span class='ocrx_word' id='word_1_285' title='bbox 1159 3827 1178 3879; x_wconf 83' lang='lat' dir='ltr'><strong>f.</strong></span> 
     </span>
     <span class='ocr_line' id='line_1_34' title="bbox 60 3925 499 3963; baseline -0.027 1"><span class='ocrx_word' id='word_1_286' title='bbox 60 3925 128 3963; x_wconf 80' lang='lat' dir='ltr'><strong>ater</strong></span> <span class='ocrx_word' id='word_1_287' title='bbox 181 3937 191 3956; x_wconf 88' lang='lat'><strong>·</strong></span> <span class='ocrx_word' id='word_1_288' title='bbox 496 3945 499 3952; x_wconf 89' lang='lat'><strong>.</strong></span> 
     </span>
    </p>
   </div>
   <div class='ocr_carea' id='block_1_6' title="bbox 574 4025 681 4077">
    <p class='ocr_par' dir='ltr' id='par_1_14' title="bbox 574 4025 681 4077">
     <span class='ocr_line' id='line_1_35' title="bbox 574 4025 681 4077; baseline -0.009 0"><span class='ocrx_word' id='word_1_289' title='bbox 574 4025 681 4077; x_wconf 72' lang='lat' dir='ltr'><strong>Nom</strong></span> 
     </span>
    </p>
   </div>
   <div class='ocr_carea' id='block_1_7' title="bbox 41 4133 1179 4284">
    <p class='ocr_par' dir='ltr' id='par_1_15' title="bbox 41 4133 1179 4284">
     <span class='ocr_line' id='line_1_36' title="bbox 42 4133 1179 4207; baseline -0.018 -2"><span class='ocrx_word' id='word_1_290' title='bbox 42 4149 129 4204; x_wconf 75' lang='lat' dir='ltr'><strong>cuis</strong></span> <span class='ocrx_word' id='word_1_291' title='bbox 149 4144 243 4207; x_wconf 78' lang='lat' dir='ltr'><strong>calpa</strong></span> <span class='ocrx_word' id='word_1_292' title='bbox 253 4141 372 4203; x_wconf 79' lang='lat' dir='ltr'><strong>irrepsit:</strong></span> <span class='ocrx_word' id='word_1_293' title='bbox 389 4155 434 4192; x_wconf 80' lang='lat' dir='ltr'><strong>nor</strong></span> <span class='ocrx_word' id='word_1_294' title='bbox 445 4147 516 4191; x_wconf 81' lang='lat' dir='ltr'><strong>carte</strong></span> <span class='ocrx_word' id='word_1_295' title='bbox 526 4140 610 4204; x_wconf 88' lang='lat' dir='ltr'><strong>locum</strong></span> <span class='ocrx_word' id='word_1_296' title='bbox 649 4133 1179 4200; x_wconf 82' lang='lat' dir='ltr'><strong>obrutum,qaantumpotnimar,ialacenr</strong></span> 
     </span>
     <span class='ocr_line' id='line_1_37' title="bbox 41 4213 841 4284; baseline -0.019 -6"><span class='ocrx_word' id='word_1_297' title='bbox 41 4222 227 4280; x_wconf 66' lang='lat' dir='ltr'><strong>noandum</strong></span> <span class='ocrx_word' id='word_1_298' title='bbox 237 4217 397 4284; x_wconf 79' lang='lat' dir='ltr'><strong>antiquitatis</strong></span> <span class='ocrx_word' id='word_1_299' title='bbox 413 4231 489 4282; x_wconf 75' lang='lat' dir='ltr'><strong>pana</strong></span> <span class='ocrx_word' id='word_1_300' title='bbox 500 4213 611 4266; x_wconf 71' lang='lat' dir='ltr'><strong>maebris</strong></span> <span class='ocrx_word' id='word_1_301' title='bbox 651 4213 841 4264; x_wconf 75' lang='lat' dir='ltr'><strong>revocavimus.</strong></span> 
     </span>
    </p>
   </div>
   <div class='ocr_carea' id='block_1_8' title="bbox 0 0 1472 4864">
    <p class='ocr_par' dir='ltr' id='par_1_16' title="bbox 0 0 1472 4864">
     <span class='ocr_line' id='line_1_38' title="bbox 0 0 1472 4864; baseline 0 13"><span class='ocrx_word' id='word_1_302' title='bbox 0 0 1472 4864; x_wconf 95' lang='lat' dir='ltr'><strong> </strong></span> 
     </span>
    </p>
   </div>
  </div>
 </body>
</html>
