2912 4858
339 377 388 425 ns
414 373 737 428 sssrnwrnsrnsm
767 377 893 428 rnsru.
1072 359 1159 430 lm

89 524 132 584 ‹ln
150 544 166 584 a
184 524 346 607 Pomponio
359 525 443 590 Laeto
456 528 586 599 salietur
616 527 759 610 Eiusdem
777 529 918 616 librorum
943 536 1018 590 xxj
1040 529 1083 592 de
1092 529 1165 592 Vere

90 624 177 682 bmum
196 623 336 684 Veterum
361 624 579 705 significatione
609 627 755 706 reliquis,
779 645 849 688 oum
870 627 957 688 Pouli
978 626 1106 708 Diaconi
1130 647 1166 688 ax

90 719 178 792 iisdem
196 721 348 800 proma„
364 723 537 802 conjunctae
557 735 588 784 st
611 723 641 782 in
666 743 889 805 unnmrcorpns
904 724 1030 804 digestos
1044 735 1116 788 sant
1127 727 1165 785 ab

88 816 327 892 ntdotlsauu'o,
341 819 456 880 tlolrille
480 819 593 893 Maleo,
615 819 744 900 denique
766 823 806 882 ab
832 821 964 882 Antonio
986 821 1164 900 Augustino,

87 915 326 992 premisseetiarn
338 916 425 978 Pauli
442 917 575 998 Epistola
597 916 638 977 ad
659 918 800 978 Gerulum
826 917 962 998 Mllnrp.
1004 916 1061 978 llla
1080 918 1166 978 Penii

87 1009 208 1088 Epitcms
221 1013 345 1092 primurn
361 1013 471 1095 ssspius
485 1013 650 1094 prodierat,
658 1023 721 1075 tons
737 1014 818 1087 alibi,
835 1025 897 1076 tom
910 1014 950 1074 ed
964 1016 1078 1076 calcem
1092 1017 1166 1076 Cor·

85 1108 207 1188 nocopic
229 1107 346 1169 Nicolai
369 1111 492 1171 Perotti.
532 1108 654 1183 Melior,
676 1110 849 1182 ordinatior,¹
871 1122 901 1172 et
914 1112 1090 1192 locupletior
1104 1116 1166 1172 A»

79 1205 148 1266 'tnnii
159 1207 324 1284 ,Angustiae
347 1205 487 1288 Episcopi
507 1207 679 1280 ilerdensis,
697 1219 804 1288 postea
817 1208 1041 1291 Archiepiscopi
1060 1211 1166 1271 Tarra.

80 1304 218 1378 cunensis,
239 1303 332 1367 editio
354 1323 424 1366 cum
442 1304 746 1366 snimadveutonnes
758 1305 869 1388 prodiit
876 1307 1013 1379 ¹Veneriis
1023 1309 1120 1369 1560.
1135 1311 1164 1379 ⁸,

78 1399 107 1460 in
118 1419 174 1480 qus
187 1421 231 1476 es,
251 1421 322 1484 que
335 1399 420 1464 Pauli
442 1411 514 1463 sant
538 1413 569 1462 et
592 1421 662 1482 qrree
677 1403 766 1478 Festi,
784 1404 884 1485 posita
904 1403 934 1464 in
947 1405 1081 1485 margine
1092 1415 1167 1465 ‘non

78 1497 301 1578 distinguuntur,
324 1512 355 1561 et
377 1499 470 1560 Verrii
497 1499 595 1559 Flacci
615 1501 781 1579 lregmenta
805 1502 1035 1582 praemittantur.
1078 1503 1165 1562 liano

76 1594 316 1673 Augustinianam
342 1596 503 1657 editionem
524 1596 617 1676 repeti
644 1596 737 1674 jussit
760 1606 791 1656 et
813 1597 963 1678 castigatt.
986 1597 1166 1658 doctissimis

72 1690 220 1752 illustravit
246 1695 311 1756 los.
324 1693 480 1773 Scaliger4
494 1693 579 1754 Paris
606 1695 696 1754 1575.
719 1695 750 1755 8.
769 1693 910 1773 subjectis
934 1694 1022 1756 etiem
1042 1695 1165 1755 seorsim

73 1789 159 1861 notis,
175 1809 240 1870 quse
257 1791 288 1849 in
312 1790 429 1852 Veneta
452 1789 581 1850 editione
599 1799 689 1850 entes
701 1791 881 1870 prodierant.
923 1792 970 1852 Ab
983 1811 1021 1852 eo
1034 1801 1166 1872 tempore

72 1884 191 1946 Fulvius
216 1887 340 1948 Ursinus
368 1888 546 1966 Fragmenta
573 1887 639 1968 ipsa
660 1885 750 1961 Festi,
775 1887 877 1968 qualia
911 1888 1017 1948 Manil.
1047 1888 1165 1958 Rullus,

68 1981 157 2043 lromc
172 1982 305 2058 Grrecus,
328 1983 383 2045 sed
404 1985 517 2044 Latinis
536 1983 629 2045 literis
643 1985 787 2058 excultos,
809 1997 841 2047 et
861 1985 1044 2066 Pomponius
1067 1986 1166 2047 loetus

66 2073 242 2155 habuerant,
266 2091 297 2143 et
325 2101 343 2141 a
375 2082 463 2142 Ralla
493 2091 649 2162 acceperet
682 2081 860 2156 Politianus,
887 2085 1035 2160 (acas.
1062 2083 1165 2158 Misc.)

62 2197 83 2236 a
106 2177 270 2258 Pomponio
299 2179 381 2240 Lreto
403 2181 453 2240 Jo.
478 2179 565 2258 Bnpt.
588 2179 661 2238 Pius
685 2183 727 2255 (r.
741 2188 844 2241 annot.
868 2179 1022 2259 posterior.
1048 2199 1076 2240 c.
1104 2181 1164 2254 16.)

63 2295 102 2334 ex
129 2274 263 2336 Farnesii
286 2275 455 2336 Cardinslis
478 2275 557 2340 Bibl.
579 2275 750 2356 publicarit,
765 2284 796 2336 et
815 2295 883 2336 cum
898 2277 977 2338 notis
993 2277 1056 2336 suis
1069 2275 1164 2336 edidit

60 2371 171 2432 llomre
185 2375 273 2434 1581.
288 2372 330 2434 8.⁵
373 2371 516 2452 scaligeri
530 2383 560 2432 et
575 2371 674 2432 Ursini
687 2371 832 2434 editiones
841 2373 1005 2452 junxerunt
1015 2382 1047 2433 et
1057 2373 1167 2432 utrius·

57 2488 120 2548 qne
149 2480 235 2530 notas
260 2469 433 2549 adjecerunt
454 2469 727 2549 Heidelbergenses
753 2471 841 2530 159³.
856 2473 885 2533 8.
927 2469 1065 2549 Denique
1078 2469 1164 2530 lucu·

52 2566 186 2640 lentam,
218 2568 417 2640 emendatam,
454 2576 485 2628 et
522 2567 689 2645 elegantem
725 2564 807 2628 Festi
831 2565 988 2628 editionem
1021 2566 1163 2628 debemus

54 2664 194 2726 Andreae
209 2665 348 2737 Decetio,
363 2666 413 2745 qui
426 2665 464 2726 in
479 2683 566 2724 usum
582 2661 724 2743 Delphini
747 2663 926 2724 illustratum
947 2663 1044 2724 edidit
1069 2663 1163 2722 Paris.

53 2763 156 2823 1681.
171 2767 202 2823 4.
238 2763 284 2822 De
299 2755 442 2843 prioribus
464 2772 562 2822 autem
577 2761 635 2822 hoc
649 2761 706 2822 lert
725 2761 890 2840 judicium:
911 2759 1035 2821 ‘Pauca
1061 2779 1162 2820 eorum

47 2859 202 2935 preastitit
210 2861 357 2921 Antonius
370 2859 568 2939 Augustinus,
579 2877 647 2937 quoe
655 2867 798 2939 praestare
812 2857 969 2939 potuisset.
1013 2858 1047 2917 ln
1062 2858 1162 2916 multis

44 2955 185 3014 divinus
199 2957 352 3037 Scaliger:
380 2956 434 3016 sed
458 2955 529 3018 dum
544 2955 664 3034 ingenio
678 2975 734 3016 suo
748 2955 835 3014 nimis
850 2953 998 3033 indulget,
1011 2974 1092 3034 soepe
1106 2973 1162 3012 nu-

41 3054 105 3112 bes
121 3063 244 3132 captat,
259 3064 290 3114 et
304 3053 345 3112 nil
359 3054 456 3114 minus
470 3072 559 3133 qnam
574 3053 696 3112 Festum
709 3052 927 3132 interpretatur.
970 3050 1090 3111 Fulvius
1106 3051 1162 3110 Ur·

39 3150 159 3220 sinus,
185 3149 306 3229 reliquis
322 3149 443 3222 felicior,
461 3148 608 3210 utiliorem
632 3167 751 3228 operam
775 3147 903 3219 navarit,
928 3145 982 3207 sed
1004 3147 1047 3206 sic
1072 3146 1161 3206 etiam

39 3247 188 3305 Festum
203 3265 262 3305 non
279 3258 338 3315 tam
351 3245 539 3307 emendatum
553 3262 643 3324 quam
662 3243 880 3306 emendandum
902 3254 931 3304 et
946 3243 1096 3304 emendari
1117 3244 1162 3302 10-

39 3343 143 3404 :ilem
170 3342 314 3404 tradidit!
355 3343 474 3404 Dacerii
498 3341 589 3402 editio
602 3361 716 3414 recusa,
738 3351 861 3402 curante
875 3342 925 3403 Jo.
940 3341 1056 3402 Clerico
1070 3341 1108 3399 V.
1124 3341 1161 3400 0.

74 3505 277 3554 ³Divisionsrn
294 3521 347 3570 qun
366 3507 392 3555 in
413 3507 515 3570 volgatis
533 3506 599 3555 libris
630 3519 655 3567 p.
666 3511 691 3555 7.
725 3505 833 3554 ‘Annon
851 3503 909 3554 Sex.
925 3501 1055 3568 Pompeius
1077 3503 1163 3553 Festus

39 3572 177 3626 recurrit,
191 3587 240 3634 qus
257 3572 343 3634 singuli
361 3573 416 3620 libri
428 3573 532 3634 singulus
542 3587 598 3620 con·
631 3571 736 3634 indignis
754 3571 832 3618 modis
843 3586 900 3619 scre
920 3577 958 3618 tus
969 3585 1024 3618 esse
1039 3571 1106 3618 risus
1116 3577 1160 3625 est,

39 3637 134 3685 inent
147 3636 248 3691 literas,
264 3635 323 3684 Aldi
333 3651 396 3696 essa,
406 3652 455 3685 non
468 3638 540 3693 Festi,
556 3653 599 3683 nn·
631 3639 694 3698 quod
706 3635 736 3684 sb
746 3636 841 3684 bomine
853 3587 1065 3685 Galdbillnstratus
1074 3650 1162 3698 msgno

39 3703 105 3750 nsit
118 3701 292 3750 Deceriusin
309 3701 377 3764 prset'.
405 3703 531 3760 Quaeram
543 3701 598 3750 Ms-
631 3701 763 3748 studiorum
771 3701 851 3749 ferora
862 3707 976 3764 exceptus
986 3700 1040 3747 est?
1076 3699 1160 3762 ltaque

39 3768 154 3815 robius
169 3781 185 3813 e
197 3765 259 3813 libro
271 3765 446 3815 tertiodecimo
461 3765 523 3815 Julii
535 3765 599 3814 Festi
632 3763 718 3813 Rornse
726 3765 865 3814 edituscurn
873 3765 958 3813 iisdem
966 3761 1161 3826 castigationibus

39 3833 156 3885 rolert.
175 3845 220 3878 ιιι.
234 3835 256 3880 1.
264 3831 382 3882 serumst.
394 3846 424 3879 es
433 3831 503 3879 hodia
514 3831 598 3894 legun·
631 3830 695 3878 alius
704 3845 768 3878 nunc
779 3835 831 3878 esse
840 3841 950 3878 censemr
963 3837 1085 3892 propterca
1096 3829 1160 3892 quud

39 3914 71 3945 rr·
84 3898 119 3944 in
144 3895 217 3942 libro
236 3895 302 3944 Festi
317 3895 460 3944 duodecimo
475 3895 599 3944 divisionis
632 3895 715 3958 prioris
726 3894 824 3943 editoris
833 3909 921 3942 nomen
929 3891 1102 3940 dissimulsmm
1113 3901 1160 3948 est.

39 3963 169 4011 ,latinas
631 3973 765 4023 quenquam
777 3958 862 4007 esdcrn
872 3960 943 4022 plane
950 3957 1025 4006 editio
1033 3965 1070 4005 est
1078 3959 1161 4020 paucis

57 4031 79 4065 4
94 4027 178 4074 Non
189 4024 274 4074 Julius
284 4025 489 4090 Cresercsligen
500 4025 600 4089 ntlrgas
632 4023 758 4072 sdmndurn
774 4024 853 4088 iisqne
871 4023 958 4072 leviter
968 4023 1108 4078 immutatis,
1127 4023 1161 4071 its

39 4112 42 4140 ,ν
72 4089 218 4156 quaesitis
236 4089 353 4138 oratoriis
370 4089 487 4139 Bchuslsi
506 4089 601 4138 balbini
634 4097 713 4136 temen
724 4088 1008 4138 uttsmlerimutntione
1022 4103 1071 4136 non
1085 4089 1162 4152 msgis

55 4162 144 4208 119.
633 4152 707 4202 latera
718 4153 795 4220 possit
808 4153 926 4204 industris
945 4153 1029 4218 prioris
1044 4151 1161 4208 ediurts:

55 4221 173 4270 ⁵Yvo
186 4218 600 4281 VilliomerussiraJosephusSca·
632 4213 678 4268 &a
1124 4215 1129 4222 '

39 4305 93 4353 ‚rer
108 4287 149 4336 in
171 4285 413 4334 locoscnntroversos
425 4284 524 4333 Rcberti
539 4283 598 4331 Titii
