2930 4870
515 407 791 458 rascnssron.
1122 397 1207 466 1086

105 551 185 618 sint.
226 549 351 616 Ateius
368 548 495 634 Capito,
511 549 647 638 infantes
660 571 719 614 esse
734 551 869 616 mudum
873 550 1080 638 frendentes,
1095 552 1130 618 id
1146 562 1208 632 est,

96 651 299 739 frangentes,
324 649 436 716 Liuius
457 654 491 716 e'n
515 649 655 740 Odyssea
676 656 787 720 ueteri:
813 653 921 733 Quam
945 673 1008 736 ego
1028 651 1208 739 nefrendem

105 753 175 818 atui
188 753 318 818 lacteam
331 753 513 840 immulgens
527 775 626 839 opem
672 799 681 817 .
736 802 743 818 .
787 761 821 820 at
907 803 916 822 .
1004 803 1013 820 .
1102 757 1206 824 .Pro

105 855 320 921 nefrendibus
331 866 443 933 autem,
459 867 494 920 ut
517 857 639 943 antiqui
652 847 803 934 ilicebant,
820 857 916 920 rienes
934 879 1014 920 nunc
1034 853 1109 918 dicit
1126 877 1206 926 naus

104 977 242 1024 recens:
257 968 329 1022 sunt
343 962 397 1043 qut
419 957 578 1044 nefrendes
600 957 663 1024 dici
674 969 786 1044 putent
806 957 968 1036 testiculos,
992 979 1080 1043 qnos
1095 956 1208 1026 Lana·

104 1059 172 1122 ciui
179 1057 339 1144 appellant
351 1059 571 1131 nebrundinest
584 1060 698 1128 Groeci
710 1060 836 1147 ermulfi
853 1059 1206 1154 l’ranestr'ni,nesronen

106 1162 277 1239 Nessum,
292 1181 352 1227 naa
368 1183 453 1228 eum.
490 1161 637 1241 Nemora,
647 1163 800 1250 significat
814 1161 916 1248 syleas
931 1183 1099 1232 amoenas:
1116 1167 1203 1232 valet

106 1264 187 1327 esim
203 1263 292 1329 idem.
314 1265 380 1348 ejus
398 1274 500 1328 autern
519 1266 662 1330 vocabuli
680 1275 799 1330 auctor
814 1265 985 1344 Homerus,
1001 1267 1056 1351 qui
1075 1269 1158 1333 distr
1172 1268 1205 1332 t'n

108 1363 227 1442 Iliade,
243 1367 269 1426 tu
283 1365 358 1448 cipri
372 1371 477 1450 σκιερῷ
492 1364 538 1430 ἐπί
547 1391 578 1429 τι
594 1369 638 1430 λῖν
653 1364 765 1448 ἔμβαλε
779 1367 895 1448 δαίμων,
917 1368 1055 1433 dubium
1070 1390 1137 1435 non
1152 1381 1206 1448 ert,

108 1465 187 1551 quin
216 1487 283 1530 eum
311 1467 447 1554 designet
472 1465 580 1548 lacurn,
606 1471 663 1551 qni
687 1488 827 1552 campos
855 1477 889 1533 et
917 1489 1048 1551 pascua
1070 1470 1206 1536 lrabeat:

105 1567 187 1648 ripae
201 1591 222 1632 a
240 1567 356 1634 Grauis
370 1571 416 1632 lut
430 1569 463 1632 τὸ
482 1573 566 1650 νομὰς
589 1567 655 1634 sluaa
681 1572 707 1634 ir
726 1573 805 1654 αὐτῷ
827 1569 1024 1654 appellatum.
1075 1570 1204 1652 Nemut,

104 1671 172 1736 nisi
197 1672 297 1736 etism
314 1673 367 1736 vel
384 1693 507 1754 nempe:
523 1691 595 1734 usus
610 1681 653 1736 est
670 1670 750 1736 Cata
769 1670 806 1735 de
824 1681 976 1755 potestate
994 1671 1202 1750 Tribunici,¹¹

104 1793 183 1839 cum
200 1775 248 1838 ait
336 1815 345 1836 .
432 1821 440 1837 .
529 1817 537 1836 .
591 1793 766 1840 aerumnas.
811 1775 966 1839 Neminis
980 1775 1117 1862 genitivo
1133 1797 1205 1840 casu

105 1897 180 1938 asrrs
207 1886 249 1939 est
274 1873 366 1952 Cato,
389 1897 455 1939 cum
470 1873 569 1939 disits
595 1885 628 1942 et
652 1879 728 1960 quis
751 1876 875 1940 diceret
897 1895 970 1941 cum
995 1878 1041 1941 sit
1064 1879 1204 1942 neminis.

105 1975 195 2042 Idem
211 1977 247 2042 de
261 1976 471 2063 magistratib.
486 1979 570 2043 vitio
584 1979 718 2055 creatis,
733 1978 909 2058 neminisq.
999 2023 1006 2038 .
1094 2017 1104 2038 .

105 2075 233 2143 Ennius
242 2079 275 2143 in
288 2079 472 2144 Erechtheo
486 2078 704 2163 lapidassent
714 2078 787 2162 [12]
802 2077 904 2142 corde
916 2078 1023 2156 multi,
1035 2097 1121 2162 quos
1137 2099 1202 2145 non

102 2181 400 2247 miseretnamiais.
433 2181 543 2246 Nemo
554 2181 774 2265 compositum
787 2179 916 2243 ridetur
925 2198 969 2242 ax
979 2199 1031 2256 na,
1040 2181 1202 2249 ethome:

101 2283 199 2368 qaod
214 2283 419 2348 confirmatur
441 2282 562 2363 magis,
589 2281 671 2364 quia
691 2283 726 2346 in
749 2299 896 2365 persona
914 2301 1042 2365 semper
1058 2285 1202 2364 ponitur,

100 2405 167 2450 nec
194 2385 363 2469 pluraliter
388 2384 522 2449 formari
552 2384 653 2461 solet,
684 2385 765 2465 quia
792 2383 987 2465 intelligitur
1013 2403 1075 2467 pro
1101 2385 1203 2448 nullo.

100 2486 194 2550 Neci
210 2487 308 2550 datos
332 2487 463 2568 proprie
477 2485 609 2565 dicitnr,
631 2485 690 2569 qni
705 2486 776 2548 sine
793 2484 928 2548 volnera
940 2485 1138 2551 interfectas
1151 2492 1203 2550 est

97 2595 141 2650 nt
156 2605 301 2663 semna,
314 2593 372 2650 aut
384 2586 480 2650 lama.
524 2585 762 2652 Necessarium
787 2586 835 2650 ait
854 2605 929 2650 esse
945 2585 1079 2669 Opillus
1089 2595 1115 2626 ¹²
1127 2587 1202 2652 Aa·

96 2689 221 2765 relius,
242 2689 275 2752 in
297 2707 366 2771 quo
388 2706 454 2753 aon
480 2691 524 2754 sit
548 2687 762 2765 cessandum,
785 2694 842 2752 aut
865 2688 936 2751 sinc
958 2707 1026 2770 qao
1049 2689 1119 2752 viri
1134 2708 1203 2754 non

92 2791 235 2873 possit:
251 2797 310 2855 aut
325 2791 395 2855 sine
411 2809 479 2874 quo
489 2809 552 2853 non
567 2791 649 2854 Mne
664 2791 814 2854 vivatur:
838 2796 897 2854 aut
909 2790 998 2872 quod
1016 2790 1080 2854 non
1092 2793 1203 2873 possit

94 2892 284 2976 prohiberi,
298 2893 379 2975 qaia
393 2891 462 2956 liat
507 2891 689 2956 Necessari
704 2895 789 2969 sunt,
813 2899 851 2954 ut
866 2889 987 2956 Gallus
1003 2893 1115 2956 AEllus
1140 2893 1200 2968 ait,

20 3049 29 3066 .
94 2997 164 3079 qui
179 3003 239 3060 aut
253 2997 399 3076 cognati,
413 3001 472 3058 aut
486 2993 601 3058 affines
624 2999 714 3068 sunt,
730 2994 763 3055 in
779 3011 866 3076 quos
882 2993 1072 3057 neccssaria
1088 2991 1201 3057 officia

91 3097 319 3165 conserantur
341 3103 460 3179 praeter
487 3103 628 3160 ceteros.
674 3093 861 3176 Neglegens
877 3093 987 3158 dictus
999 3102 1061 3170 est,
1074 3113 1138 3158 non
1153 3094 1200 3157 ie-

88 3217 198 3284 gens,
213 3217 321 3282 nsque
345 3197 501 3263 dilectum
524 3197 661 3274 habens,
684 3196 764 3279 qnid
787 3196 896 3261 iacere
919 3194 1049 3273 debeat,
1072 3195 1201 3260 omissa

87 3301 232 3367 ratione
261 3299 360 3364 officii
386 3301 451 3364 sui.
497 3299 571 3364 Neo
601 3300 863 3382 conjunctionem
893 3295 1106 3363 Gramman'ci
1132 3295 1199 3362 lere

87 3405 221 3470 dicunt
237 3421 314 3468 essa
327 3400 576 3483 diannctivam,
593 3409 630 3465 ut
644 3420 706 3466 nec
728 3401 818 3482 tegit,
838 3417 901 3463 nec
920 3399 1049 3476 scribit,
1075 3417 1150 3462 cnm
1168 3399 1198 3463 si

86 3506 300 3587 diligentius
328 3506 536 3588 inspiciatur,
560 3512 598 3570 ut
623 3504 702 3568 lacit
736 3501 871 3566 Sinnius
899 3500 1035 3585 Capito,
1061 3500 1199 3582 intelligi

83 3607 223 3693 possit,
239 3626 312 3671 sam
336 3608 482 3691 positam
499 3625 574 3672 esse
589 3607 632 3671 ab
647 3605 792 3688 antiquis
815 3623 872 3686 pro
888 3622 962 3679 non,
977 3603 1108 3667 stetin
1126 3616 1200 3666 ιιι.

82 3716 171 3776 est:
190 3714 243 3773 ast
254 3710 285 3772 ei
300 3716 414 3772 custos
429 3729 491 3773 nec
505 3708 629 3773 esuriit·
642 3708 732 3784 item,
745 3707 774 3771 si
789 3706 906 3770 adorat
920 3703 1018 3782 suno,
1034 3704 1125 3787 quod
1138 3721 1198 3768 nec

560 3868 736 3891 nummu·

121 3976 160 4023 n
186 3967 433 4021 nmmum-is
450 3968 470 4021 f.
484 3971 586 4034 Opilius.

597 4099 705 4150 NOTAE

116 4211 130 4236 ⁸
153 4195 227 4261 Nee]
257 4195 308 4244 Nec
325 4197 632 4261 matrimonium
673 4197 776 4258 aebeat,
787 4199 813 4244 et
825 4191 949 4256 repremit
962 4201 1006 4253 pm
1018 4188 1144 4254 emerit.

72 4295 125 4332 nec
141 4275 208 4327 enit.
220 4286 279 4322 nem
290 4273 348 4322 esttt
365 4285 411 4336 pro
426 4273 471 4322 err't
484 4273 580 4340 antiqui
592 4272 629 4322 di·
