2930 4870
506 395 782 446 nanuuru‘rurr.
1101 381 1188 450 loeo

101 543 193 618 gntus
206 555 280 614 snm
290 539 323 602 in
333 535 503 615 AEtolian'r‚
515 541 693 622 propterea
702 537 793 623 quod
806 535 983 602 exAEtolia
993 537 1187 621 complures

101 649 255 704 venerant
274 640 407 704 AEtoios
420 658 537 722 paoem
561 639 665 704 veile:
687 639 730 702 de
752 659 790 704 ea
813 658 849 702 re
870 639 1023 704 oratores·
1040 639 1185 704 Romam

100 741 282 822 protectos:
305 734 340 803 'et
358 741 390 804 in
411 740 572 821 originum
589 739 628 802 L.
645 753 670 801 1.
708 737 836 822 Propte
849 745 873 776 ¹²
889 739 923 804 id
941 739 1062 802 bellum
1078 743 1185 824 coepit

100 841 223 906 Coeiios
239 841 313 905 PR.
331 842 493 919 Albanis,
509 847 659 906 oratores
670 841 763 905 misit
778 840 922 906 Renum
935 859 1010 905 enm
1066 886 1074 901 .
1120 887 1127 904 .
1174 863 1188 908 .·

98 941 178 1008 alias
194 961 257 1025 pro
272 943 537 1018 decretoribus,¹¹
562 955 603 1005 nt
616 941 813 1006 Terentius:
837 949 948 1006 orator
960 941 1070 1020 venio,
1084 941 1187 1006 facite

99 1044 341 1108 exoratorsim.
386 1044 470 1108 Item
485 1048 522 1106 et
538 1041 745 1106 Afranius'in
762 1041 984 1126 Emancipato
1038 1087 1045 1103 .
1102 1089 1109 1104 .
1153 1046 1186 1110 si

99 1189 107 1208 .
151 1188 159 1206 .
203 1187 211 1205 .
257 1189 266 1206 .
310 1151 379 1208 tum
395 1145 426 1208 si
441 1144 532 1228 quod
547 1145 650 1208 oritur
695 1189 701 1204 .
747 1191 755 1208 .
801 1189 808 1204 .
855 1193 864 1209 .
907 1144 1184 1228 aliusprodiser-

98 1247 189 1310 tinet
204 1245 405 1329 eloquentib.
431 1247 475 1310 ab
498 1245 653 1329 eoquod
676 1245 804 1329 antiqui
828 1265 933 1324 orare,
955 1246 1187 1332 dioebairtprrr

96 1365 209 1427 agere:
230 1349 275 1412 ob
287 1365 387 1429 quam
400 1349 547 1426 eaumm,
559 1348 725 1412 erutiones
737 1349 873 1431 qnoque
888 1367 998 1412 eorum
1013 1358 1183 1416 vocantur.

95 1446 199 1512 Orata
220 1467 322 1528 genus
344 1450 447 1532 piscis
473 1448 657 1533 appellatur
672 1449 821 1513 aeolore
842 1449 925 1528 anri,
950 1450 1039 1534 quod
1063 1454 1185 1518 rustici

94 1569 183 1614 orum
198 1549 368 1622 dicebaut,
381 1560 420 1614 ut·
431 1550 607 1624 auriculas,
622 1551 783 1614 oriculas:
806 1551 890 1634 itaq.
912 1552 1064 1634 Sergium
1080 1573 1182 1640 quoq.

93 1651 254 1733 quendam
270 1651 489 1733 praedivitem,
505 1649 595 1734 quod
609 1657 641 1714 et
657 1651 757 1714 duob.
774 1653 881 1716 anulis
896 1655 1017 1731 aureis,
1032 1661 1065 1720 et
1087 1675 1182 1738 gran·

93 1752 160 1815 dib.
174 1759 328 1828 uteretur,
344 1751 481 1818 Oratam
495 1752 611 1817 dicunt
632 1771 706 1816 esse
728 1753 949 1835 appeliatum.
994 1755 1096 1822 Orae·
1122 1779 1182 1825 ex-

93 1859 203 1917 tremae
219 1861 333 1936 partes
356 1864 524 1931 terrarum,
540 1853 573 1916 id
593 1860 655 1930 est,
670 1855 842 1920 maritimae
859 1855 1026 1934 dicuutur,
1043 1859 1182 1926 undeet

93 1955 356 2020 vestimentorum
373 1965 533 2019 extremm
554 1963 678 2038 partes,
694 1975 771 2039 qnae
785 1957 918 2039 quidem
933 1964 968 2020 et
982 1959 1099 2040 primae
1113 1957 1183 2026 dici

89 2063 243 2139 possum.
267 2057 425 2122 Caecilius
440 2058 474 2120 in
490 2055 660 2121 AEthrione
675 2074 756 2120 usus
776 2065 830 2120 est
845 2074 904 2140 pro
917 2058 1014 2122 initio
1029 2061 1090 2137 rei,
1104 2079 1184 2126 oum·

90 2159 161 2222 ait:
177 2157 279 2222 Oram
296 2159 438 2242 reperire
451 2158 574 2222 nullam
591 2163 724 2239 quam¹⁴
738 2157 928 2240 expediam,
946 2178 1042 2240 queo.
1070 2158 1183 2239 Oresa

88 2260 173 2322 freni
190 2260 280 2342 quod
297 2260 345 2324 ori
359 2259 553 2323 inseruntur.
574 2258 716 2322 Titinius
727 2259 760 2321 in
772 2258 916 2322 Setiuar
943 2258 987 2323 Et
1001 2261 1030 2324 si
1046 2263 1184 2342 tacebit*

88 2367 198 2424 tamen
215 2359 371 2441 gaudebit
389 2361 451 2424 sibi
468 2359 598 2442 promiti
613 2377 702 2424 oreae
716 2362 740 2404 ¹⁵
764 2365 798 2423 et
813 2357 1003 2424 Naeviusin
1018 2361 1183 2430 Hariolo:

90 2461 261 2544 Deprendi
271 2467 378 2526 autem
393 2459 518 2524 leonis
529 2459 672 2522 ¹⁶obdus
682 2479 788 2524 oreas.
805 2459 891 2524 Cato
901 2462 1065 2542 originum
1074 2463 1180 2531 nur.

88 2563 208 2645 Equos
216 2562 400 2645 respondit:
413 2581 509 2626 oreas
515 2561 595 2625 mibi
605 2561 756 2637 inde,tibi
766 2581 851 2644 cape
859 2561 1037 2643 flagellum.
1049 2564 1182 2633 Coelius

87 2683 152 2748 pro
168 2683 207 2728 se
223 2661 312 2747 apud
327 2663 510 2746 populum:
534 2661 714 2744 Equus'q.¹⁷
735 2664 812 2727 mihi
824 2664 888 2726 sub
901 2663 1079 2730 feminibus
1092 2670 1180 2734 occi·

88 2785 151 2830 sas
164 2773 244 2840 erat,
259 2784 358 2830 oreas
369 2765 505 2828 detraho
519 2765 724 2846 inspectante
740 2765 849 2828 Lucio
865 2765 1033 2829 Stertinio.
1071 2769 1182 2836 Oreus

87 2868 192 2930 Liber
203 2874 309 2949 pater,
320 2873 353 2930 et
367 2865 505 2930 oreades
515 2865 548 2929 N
550 2865 685 2947 ymphae
702 2865 924 2948 appellantur,
935 2867 1023 2949 quod
1039 2867 1074 2930 in
1087 2889 1182 2934 mon·¹

85 2970 181 3032 tibus
197 2967 386 3052 frequenter
401 2975 574 3050 apparent.
619 2963 850 3030 Ordinarinm'
868 2966 1033 3030 hominem
1047 2967 1184 3052 Oppius

85 3073 139 3137 ait
155 3071 222 3134 dici
238 3069 373 3134 solitum
388 3086 536 3132 scurram
548 3065 573 3105 ¹⁸
589 3066 658 3149 [33]
672 3071 732 3142 est,
748 3085 822 3130 cum
840 3068 899 3142 ait,
916 3085 993 3130 eum
1007 3070 1183 3150 magistra·

84 3182 147 3237 tus
167 3171 249 3235 nihil
263 3171 385 3235 audent
404 3171 576 3252 imperare,
590 3187 631 3232 ne
645 3168 727 3250 qnid
743 3168 861 3232 consul
877 3169 1008 3252 auspici
1021 3178 1182 3253 peremat.

82 3273 281 3341 Perihodos
297 3271 419 3336 dicitur
444 3275 476 3333 et
506 3271 539 3332 iu
559 3271 703 3334 carmine
727 3270 832 3352 lyrico
858 3288 936 3351 pars
956 3270 1122 3352 quaedam,
1145 3281 1181 3336 et

80 3379 121 3440 in
151 3373 266 3440 soluta
294 3373 443 3438 oratioue
473 3369 583 3436 verbis
610 3369 865 3451 circumscripta
886 3369 1064 3449 sententia,
1087 3377 1121 3435 et
1146 3373 1182 3438 in

547 3535 561 3552 0
564 3533 726 3554 ΝΟΙΙΝΝΙΙ

118 3642 153 3688 1²
170 3635 189 3686 f.
200 3637 396 3700 propterea-rs
414 3632 433 3684 t'.
444 3634 705 3696 deprecatorem-rt
716 3631 734 3682 f.
746 3647 790 3695 qua
801 3635 911 3681 rna-15
928 3629 947 3682 f.
958 3633 1066 3694 pennitti
1075 3651 1182 3687 meaa-

78 3709 118 3753 16
135 3701 157 3750 f.
170 3700 245 3750 mons
254 3700 347 3748 ri.-17
366 3697 381 3746 t'.
395 3713 451 3761 equo
461 3698 575 3761 qui-18
592 3696 667 3750 Quod
679 3697 720 3746 tric
732 3695 894 3746 desideratur
903 3695 982 3745 haber
994 3698 1018 3745 in
1029 3698 1143 3749 schedis.

115 3937 128 3963 ²
149 3927 223 3992 Ora]
241 3925 295 3976 Pro
306 3941 375 3990 quom
384 3923 514 3988 expertem.
534 3923 559 3971 in
573 3837 715 3984 οἱοτηξι
727 3926 877 3984 sequuntur,
888 3919 913 3968 in
929 3918 1032 3968 seneffia
1046 3919 1183 3981 trahantur,

71 4007 191 4071 pagine
210 4003 412 4061 emendarimus,
435 4015 480 4064 qna
495 4013 532 4048 me
549 4011 619 4061 eape-
659 3995 721 4044 item
738 3993 892 4056 principium
910 3992 1041 4056 aequantia
1056 3992 1184 4056 fragmen·

67 4083 161 4140 dim,
185 4087 215 4129 ot
235 4091 321 4126 reram
342 4091 398 4126 eam
415 4074 620 4126 emendationem
659 4069 858 4131 auerterant,
871 4067 990 4135 quotient
1001 4068 1071 4118 torui
1083 4069 1180 4120 ‘Pere-

69 4157 278 4207 existimamur.
660 4145 750 4195 merel

115 4225 309 4291 formariam]
320 4227 384 4277 Post
394 4225 499 4275 verbum
508 4235 621 4286 scurram,
