2934 4864
348 383 353 399 ·
470 385 743 434 nuncnunuuu.
1066 374 1152 442 117³

67 523 184 592 rocon.
229 521 366 612 Tangere
380 524 485 590 AElc‘os
497 524 582 592 Sino
595 529 644 593 ait
658 547 796 594 noscere
812 549 898 609 esse,
911 529 994 616 quod
1011 527 1152 598 Proces-

66 626 125 692 tr'ai
147 626 356 713 congitionem
379 627 507 706 dicant,
531 650 592 712 pro
615 629 788 695 uodonem:
818 630 971 718 signficot
993 642 1024 696 et
1049 632 1152 700 latius

64 727 235 795 dominari.
278 728 418 794 Fannius:
434 727 497 792 Alii
509 729 658 794 rhetorico
673 739 825 815 tongent.
861 732 906 797 Et
915 735 1044 799 vincere
1058 733 1151 798 etiam

65 827 215 912 quandoq.
229 828 364 896 videtur
378 830 576 913 siguificare.

66 928 156 994 Tereo
174 929 301 996 Verrius
322 929 370 996 ait
390 931 466 996 loca
485 933 623 1016 augurio
639 932 824 1016 designato,
847 955 906 1019 quo
921 935 1053 999 termino
1076 936 1150 1001 finis

61 1033 95 1098 in
111 1041 197 1100 terra
211 1035 338 1115 auguri.
376 1031 506 1118 Opilius
519 1032 672 1100 Aurelius
686 1035 764 1101 loca
779 1043 978 1102 consecrata
992 1037 1034 1102 ad
1053 1059 1152 1124 enga-

61 1133 195 1198 modom
204 1134 346 1200 scribsit:
361 1136 419 1200 sed
434 1142 552 1202 sancta
567 1137 643 1202 loca
659 1137 770 1220 undiq.
783 1147 878 1222 septo
891 1136 999 1203 docent
1012 1139 1152 1206 Pontifi-

58 1237 112 1302 cis
125 1236 215 1314 libri,
225 1238 259 1300 in
270 1235 544 1322 quibusrcribtnm
556 1248 616 1301 est.-
634 1235 824 1322 Templomq.
833 1239 1151 1326 sedemq.tescumq.

58 1337 122 1404 sior
147 1334 228 1414 Deo,
255 1339 317 1403 rive
339 1337 416 1404 Deo
438 1339 649 1432 dedicaverit,
674 1341 732 1406 ubi
757 1360 817 1406 eos
844 1341 981 1424 accipiat
1009 1341 1153 1419 volentes,

59 1437 266 1524 propitiosq.
283 1441 429 1506 Hostius
442 1442 521 1506 belli
538 1440 672 1506 Histrici
685 1440 708 1505 l.
725 1458 750 1506 1.
769 1461 827 1525 per
841 1450 956 1524 gentes
971 1443 1035 1508 alte
1049 1445 1152 1509 aethe-

59 1541 142 1617 rias,
158 1549 225 1626 atq.
240 1529 417 1621 oeio'tesco,
436 1565 556 1628 perque
572 1544 732 1612 violabis⁵
748 1544 873 1627 templa
881 1545 1023 1628 antiqua
1039 1543 1153 1610 Deum.

60 1639 173 1706 &cero
192 1663 268 1708 vero
290 1663 410 1729 aspera
425 1644 573 1710 difficilia
587 1645 679 1710 aditu
702 1643 793 1722 dixit,
814 1665 881 1710 cam
902 1643 968 1708 nit:
993 1643 1084 1712 Loca
1097 1667 1151 1712 as,

56 1763 151 1826 pera,
172 1765 259 1811 saxa
282 1753 374 1812 tesca
395 1756 482 1812 taor.
526 1745 639 1812 Anae
661 1747 694 1811 in
718 1745 922 1813 Philocteta:
946 1746 1033 1826 Quis
1057 1756 1093 1812 tu
1115 1768 1153 1813 es

54 1847 224 1924 mortalis,
239 1847 295 1934 qui
308 1849 341 1914 in
355 1849 484 1920 deserta,
499 1854 534 1912 et
550 1857 669 1931 tesqua
683 1855 716 1913 te
731 1848 886 1932 adportas
905 1849 999 1913 local
1010 1857 1024 1884 ⁸
1072 1848 1153 1914 Ton-

50 1945 161 2012 sillom
176 1949 223 2014 ait
235 1971 314 2016 esso
323 1951 461 2016 Verrius
476 1951 589 2034 palum
600 1951 750 2015 dolatum
766 1951 951 2027 isocamen,
965 1960 996 2013 et
1010 1951 1152 2034 cuspide

50 2049 299 2132 praeferratum,
315 2062 353 2117 ut
374 2053 551 2130 existimat,
564 2073 658 2137 quem
682 2072 757 2117 cum
780 2052 860 2134 figi⁶
882 2053 916 2116 iu
938 2053 1031 2116 litore
1054 2053 1151 2137 navia

49 2149 229 2238 religando
239 2173 354 2222 causa.
398 2154 571 2220 Pacuvius
586 2155 620 2217 in
637 2153 792 2240 Mediofl
813 2153 950 2218 Accessi
964 2153 1007 2217 od
1018 2173 1105 2232 eam,
1119 2161 1153 2220 et

49 2254 229 2320 tesmoni⁸
247 2258 323 2340 pegi
335 2257 413 2349 testo
428 2257 461 2322 iu
476 2256 584 2321 litore.
628 2254 740 2318 Accius
755 2255 947 2320 Phinidisz⁰
968 2256 1103 2333 'Faceta
1118 2263 1153 2322 et

49 2356 212 2422 tonsillas
226 2358 323 2424 litore
344 2357 462 2422 loedo⁹
484 2358 580 2422 edite.
624 2358 774 2424 Tonsam
790 2358 915 2422 Ennius
935 2357 1029 2441 [[64]
1051 2358 1152 2440 signi·

45 2455 138 2522 ficat
164 2478 301 2539 remum,
316 2461 407 2544 quod
432 2462 527 2543 quasi
553 2460 726 2525 tondeatur
748 2459 846 2536 terro,
870 2479 946 2524 cum
970 2463 1017 2525 ait
1039 2460 1063 2524 1.
1080 2476 1149 2524 vn.

44 2557 168 2623 Poste
201 2563 393 2638 recumbite,
420 2569 569 2644 vestraq.
592 2567 731 2645 pectora
754 2559 871 2645 pellite
898 2561 1022 2626 tonsis:
1053 2562 1152 2626 item:

43 2660 153 2725 Pone
170 2671 299 2744 petunt,
315 2664 395 2728 exin
409 2663 553 2728 referunt
567 2663 609 2728 ad
626 2671 761 2748 pectora
778 2672 912 2728 tonsas:
935 2669 967 2727 et
980 2661 1150 2730 inAsota:

40 2761 157 2828 Alius
188 2765 222 2828 in
248 2767 330 2829 mari
355 2765 425 2829 vult
446 2784 567 2846 magno
589 2773 697 2831 tencre
723 2773 863 2831 tonsam.
914 2763 1152 2846 Thymbraeum

39 2862 250 2948 Apollinem
273 2865 434 2950 Virgilius
464 2887 485 2933 a
514 2875 627 2935 monte
653 2867 856 2950 Thymbraeo
878 2865 1073 2950 appellavit,
1094 2869 1152 2950 qui

37 2975 100 3032 est
117 2968 161 3031 in
178 2987 257 3050 agro
276 2969 434 3052 Trojano.
474 2970 663 3034 Toleuno¹⁰
687 2978 738 3034 est
759 2987 863 3052 mnus
885 2967 1059 3044 machinae,
1082 2987 1151 3051 quo

35 3069 201 3134 trahitur
214 3089 313 3152 aqua,
328 3073 463 3138 alteram
478 3078 602 3156 partem
619 3078 848 3155 praegravante
867 3069 1025 3154 pondere,
1040 3069 1152 3134 dictus

32 3190 57 3234 a
77 3169 254 3237 tollendo.
297 3171 468 3251 Toletano,
481 3175 645 3258 patienter
667 3173 763 3237 serre.
808 3171 934 3238 Accius
948 3171 982 3235 in
999 3170 1152 3256 Neopto·

28 3510 91 3620 Τοιιςι
114 3502 140 3551 f.
163 3500 316 3550 muta-c
332 3500 352 3550 l.
370 3502 513 3567 configi-l
531 3501 549 3552 f.
569 3503 696 3552 Mem-8
713 3500 731 3550 f·
750 3495 928 3550 tonsillam-9
951 3497 970 3549 ί.
987 3500 1115 3550 lata-1⁰
1132 3498 1152 3550 f.

90 3583 157 3617 eno.

553 3681 659 3733 NOTAE

59 3787 74 3811 ⁰
97 3774 195 3827 Accii
208 3789 298 3824 vernus
309 3775 377 3838 apud
388 3776 530 3826 Varronem
542 3777 587 3826 lib.
626 3779 676 3826 lare
704 3777 741 3826 itu
769 3775 930 3824 mutavimus·
962 3772 1061 3822 lemnio
1083 3787 1154 3836 vero,

20 3849 316 3914 v1.conigendnsex
331 3865 372 3910 eo,
383 3866 457 3914 quern
470 3852 510 3902 iric
522 3851 587 3902 citat
626 3853 695 3918 qnod
707 3851 745 3901 bis
763 3851 873 3914 positnm
890 3856 940 3911 est,
952 3847 1053 3897 videtnr
1068 3848 1154 3912 adjuc·

19 3933 161 3986 Festrra3
185 3932 267 3990 atque
289 3925 324 3974 ita
346 3926 485 3989 legendus:
504 3928 587 3980 ‘Quis
629 3937 691 3977 tnm.

17 4015 48 4056 tn
75 4019 111 4054 eu
140 3999 282 4058 mortalis,
304 4001 346 4064 qni
376 4003 400 4048 in
424 4001 537 4063 deserta,
559 4012 587 4053 et
658 4002 800 4051 ⁰Plrinidis
822 4007 934 4052 nonest
957 3998 1105 4048 mutandum
1128 3999 1154 4050 in

17 4095 106 4134 tenca
137 4085 174 4128 te
203 4075 324 4140 adportes
346 4077 421 4126 loca?
442 4080 497 4127 loca
519 4081 586 4128 enim
629 4078 774 4128 Poeninis.-
792 4076 919 4126 namhoc
938 4075 1011 4134 Accii
1032 4077 1157 4140 tragoedia

17 4175 86 4226 quas
114 4158 199 4218 sint,
217 4151 346 4216 designat,
363 4168 420 4203 eum
437 4154 514 4204 dicit:
533 4155 586 4204 lie·
628 4157 747 4205 citaturn
760 4153 846 4203 Nonio
856 4150 971 4215 pluribus
981 4151 1054 4212 locis,
1064 4152 1156 4220 inqui-

17 4235 131 4302 phaesti
141 4227 368 4292 lamosacum
377 4229 480 4281 verbum
488 4239 587 4296 presto
629 4234 676 4284 bus
689 4228 855 4295 manuscripti
871 4227 970 4280 habeut
982 4227 1107 4281 Phinidae.
