2930 4870
488 399 760 450 concussionis.
1083 385 1163 451 loll

79 543 209 608 cosilio
219 550 319 627 posset
327 540 466 626 prasidi,
476 539 732 628 respondissetque
737 561 824 626 posse
835 562 844 603 :
854 541 1047 608 nouaculam
1056 543 1169 610 subito

77 642 237 727 procidit.-
251 665 310 730 quo
311 643 405 727 sueto
417 643 522 708 statim
540 639 678 705 Nonium
688 662 733 707 ox
745 663 799 722 co,
815 643 992 728 Tarquinio
1006 644 1088 709 niiil
1096 669 1170 710 auso

80 755 186 810 contro
208 743 339 828 amplius
352 743 486 829 facero,
511 743 702 809 novaculam
725 744 813 808 illam
834 767 870 808 ae
887 759 980 810 cotem
1002 746 1171 811 sublacum

80 857 304 921 consecratum,
320 845 430 912 defodi
435 846 565 931 jussisse
578 870 588 907 .·
603 844 738 928 etficum
751 845 792 910 all
806 868 840 910 eo
860 857 960 910 sotom
974 846 1019 910 illi
1034 869 1108 914 osso
1122 851 1172 914 ia·

80 952 131 1012 tra
152 947 188 1014 id
206 948 340 1032 epatium
362 947 432 1026 loci,
454 948 509 1034 qui
529 957 684 1012 contentus
702 941 773 1031 fine
795 967 891 1014 sacro
913 951 976 1014 sit:
999 969 1127 1036 comque
1146 953 1173 1015 si

81 1047 204 1134 quinslo
230 1069 364 1114 arescere
384 1050 567 1136 contigisset,
589 1050 734 1127 subseri,
757 1049 902 1135 sumique
924 1071 960 1114 es
981 1072 1017 1114 eo
1037 1053 1174 1118 surculos

72 1148 202 1235 jussisse
214 1175 224 1212 :
245 1149 422 1237 quosoclo,
436 1159 548 1218 tantos
562 1152 648 1216 iutra
662 1151 806 1236 temporis
821 1160 950 1232 tractus,
973 1174 1041 1216 curn
1056 1151 1127 1218 alia
1141 1156 1174 1218 in

83 1273 116 1316 eo
131 1251 209 1316 loco
224 1254 406 1337 complures
416 1251 501 1335 ficus
522 1261 618 1316 cnuto
633 1260 741 1329 essem,
756 1261 850 1337 otque
864 1273 905 1316 en
918 1254 1044 1320 evulsas
1060 1253 1174 1318 deinde

82 1349 119 1416 de
132 1373 220 1416 sacro
235 1351 289 1418 illo
302 1351 365 1416 loco
377 1352 525 1426 radicitus
535 1361 776 1442 removerentur
789 1376 799 1414 .·
821 1374 921 1418 omnes
935 1375 1002 1440 ques
1013 1351 1091 1418 inibi
1104 1366 1175 1419 tunc

84 1453 230 1538 temporis
239 1469 342 1528 oront,
358 1455 456 1520 ficum
469 1461 584 1536 prater
598 1451 800 1532 unamillam,
815 1452 1176 1538 ejectossulsse,udmo-

84 1557 154 1621 nitu
173 1553 291 1642 fatali,
313 1579 349 1620 ae
361 1557 456 1641 jussu
481 1555 514 1618 in
531 1553 643 1638 primis
665 1555 858 1637 aruspicum,
880 1563 917 1618 ot
937 1554 1057 1620 divinis
1084 1558 1178 1621 etiam

85 1657 232 1740 responsis
247 1655 501 1740 promittentibus
516 1654 654 1740 qnandiu
670 1677 706 1719 ea
721 1658 856 1734 viveret,
873 1657 1050 1722 libertatem
1066 1659 1178 1743 populi

87 1757 130 1824 R.
146 1758 324 1824 incolumem
347 1779 542 1834 mansurum,
564 1757 710 1841 ideoque
725 1757 785 1821 coli
798 1767 829 1821 et
842 1757 959 1822 subseri
973 1781 1009 1823 es
1031 1760 1085 1825 illo
1103 1773 1178 1826 tem-

82 1882 159 1945 pore
173 1871 315 1944 caeptam.
361 1862 506 1927 Nousoit
528 1880 605 1926 oum
628 1879 763 1942 granum
771 1856 863 1944 fobu
877 1879 907 1923 se
922 1861 1022 1943 operit
1036 1863 1180 1926 noscendi

86 1965 202 2045 gralia,
218 1964 307 2046 qood
322 1983 386 2028 non
410 1963 454 2026 sil
474 1959 628 2026 dissimile
643 1960 731 2022 navis
739 1957 867 2044 forme.
913 1958 1053 2026 Novitas
1065 1983 1180 2028 secun·

86 2064 164 2128 dom
179 2065 396 2148 incorruptam
409 2060 654 2126 consuetudinem
669 2059 784 2137 dictos,
800 2079 883 2142 quos
899 2079 987 2126 nunc.
999 2082 1054 2126 nos
1067 2074 1181 2126 nautas

87 2163 225 2244 dicimus,
242 2164 325 2228 testis
335 2175 379 2228 est
394 2163 480 2230 Calo
492 2164 525 2227 in
539 2182 592 2240 cu,
607 2181 708 2245 quom
723 2161 858 2244 scripsit,
868 2182 935 2224 oum
944 2161 977 2224 irs
992 2159 1181 2247 Hispaniam

82 2264 340 2349 proficisceretur,
350 2285 423 2332 oum
433 2267 494 2330 ait:
505 2263 646 2329 Navitas
656 2263 740 2348 quod
748 2283 846 2326 seeum
852 2271 1055 2346 portaverant
1069 2265 1182 2330 vinum

88 2375 192 2450 atquc
208 2368 329 2445 oleum,
341 2387 413 2432 usus
422 2376 544 2430 tantum
559 2386 593 2427 eo
608 2385 687 2426 sum.
711 2361 851 2426 Nauium
866 2362 987 2448 sylvam
1001 2366 1183 2430 vocitatam

89 2467 301 2534 extraurllrm
315 2467 360 2532 ad
371 2466 540 2532 miliarium
556 2471 716 2550 quartum,
726 2465 818 2549 quod
834 2464 948 2530 Nasvii
959 2465 1124 2549 cujusdam
1139 2465 1184 2529 ilri

89 2569 197 2632 domees
207 2565 325 2654 fuerit,
342 2591 361 2632 u
377 2589 437 2654 quo
452 2585 593 2634 nemora,
605 2566 749 2632 Naevia⁸
776 2564 938 2649 appellato
960 2567 1053 2630 etiam
1068 2565 1183 2652 fuisse,

94 2668 222 2734 Verrius
246 2671 313 2736 sit:
341 2689 440 2753 quam
462 2667 633 2751 opprobrii
656 2668 733 2732 loco
756 2666 848 2752 objici
869 2666 909 2730 eo
929 2667 1064 2753 antiquis
1080 2668 1184 2746 solere,

90 2771 184 2856 quod
200 2773 234 2836 in
251 2789 291 2836 ca
302 2772 423 2836 morari
438 2770 614 2835 adsuessent
626 2766 743 2851 perditi
756 2789 792 2830 ac
807 2789 937 2852 nequam
951 2769 1106 2849 homines,
1122 2778 1185 2836 les·

87 2874 137 2938 tis
152 2879 206 2936 cst
222 2871 270 2936 Μ.
286 2871 369 2938 Galo
383 2871 416 2934 in
432 2893 480 2948 eo,
503 2891 598 2955 quom
619 2869 738 2952 scripsit
758 2867 791 2930 in
807 2869 1058 2935 mentimini
1075 2891 1111 2934 sc
1125 2891 1185 2954 ap·

88 2971 286 3057 pcllaoisset.
332 2970 429 3036 Orsus
443 2972 504 3036 iter
517 2991 602 3036 erum
617 2991 639 3034 a
654 2977 753 3052 porta
765 2968 798 3033 N
800 2971 899 3046 sosia,
916 2977 1015 3053 atque
1025 2970 1139 3034 eximie
1152 2971 1186 3034 in

87 3093 218 3138 nenrora
231 3069 340 3136 Nauia
352 3073 422 3155 [19]
432 3093 452 3134 o
463 3071 551 3136 domo
561 3067 672 3153 procul
687 3065 808 3132 Navia.
837 3067 924 3133 Uescia
934 3069 1040 3136 dicunt
1053 3091 1186 3154 provor-

87 3176 184 3240 bium
193 3184 301 3237 natum
312 3194 412 3250 esse,a
429 3172 515 3236 domo
532 3169 654 3246 Navio,
664 3169 755 3252 quod
768 3169 907 3234 refertus
922 3189 943 3234 a
957 3169 1088 3236 Verrio.
1118 3169 1186 3234 Nn-

88 3278 164 3344 dius
176 3276 286 3342 tertius
299 3275 423 3340 oidetor
437 3273 634 3356 compositum
650 3289 694 3334 ox
709 3290 795 3334 nunc
810 3280 837 3334 et
853 3269 903 3334 elie
918 3269 1010 3334 tertio
1042 3317 1049 3332 .
1079 3270 1116 3332 N
1136 3321 1143 3335 .
1180 3319 1188 3334 .

87 3381 244 3446 dicuntur
266 3381 298 3443 in
323 3398 400 3460 agro
421 3397 495 3462 quos
583 3419 590 3434 .
679 3419 688 3439 .
775 3371 838 3435 olio
857 3372 977 3435 nomine
994 3371 1189 3456 appollonia

86 3492 188 3567 parte
202 3490 314 3558 totum,
327 3477 531 3564 significantes
543 3476 640 3559 quasi
657 3474 732 3538 indo
747 3471 898 3557 appellati
914 3474 982 3536 sint
1070 3521 1078 3538 .
1180 3523 1187 3537 .

279 3627 287 3642 .
373 3579 586 3660 dicanlorpa
672 3622 679 3637 .
771 3623 778 3638 .
868 3621 875 3638 .
963 3619 970 3637 .
1027 3575 1189 3642 ⁸elicitur

85 3686 217 3751 caelum
235 3701 350 3748 cavum
437 3729 446 3745 .
556 3726 563 3740 .
676 3729 682 3742 .
769 3674 986 3741 silenturdom
1077 3724 1084 3738 .
1181 3727 1189 3742 .

88 3784 243 3870 Nuptom
257 3805 379 3862 nouam,
397 3801 535 3867 sponsam
549 3779 600 3864 (ut
616 3777 710 3842 etiam
723 3777 875 3842 mulieres
890 3776 1010 3858 quibus
1028 3777 1060 3840 in
1076 3777 1191 3860 nuptiis

589 3971 698 4024 NOTAE

128 4089 141 4122 Ι
158 4079 236 4131 Quod
257 4075 375 4140 seqoilos
392 4073 565 4138 l'rsgmsntom
579 4104 585 4118 .
598 4103 625 4120 ..
666 4075 771 4118 ‘esrom
782 4081 797 4116 s
808 4067 882 4128 closo,
900 4064 968 4114 uode
985 4061 1070 4113 omnis
1081 4067 1148 4124 osts,
1164 4065 1192 4111 et

82 4157 229 4208 tarentum
242 4169 271 4202 ra
282 4185 288 4199 .
298 4183 318 4200 ..
330 4166 381 4216 quo
392 4151 536 4214 pertinent,
553 4148 625 4211 igno·
665 4157 756 4195 acuo
770 4145 860 4196 colons
876 4140 992 4192 dictum.'

79 4249 133 4286 ro.
169 4229 341 4281 Vossollbm.
362 4227 395 4278 dc
416 4228 488 4292 iring.
508 4227 567 4276 Lot.
580 4223 627 4283 sit,

160 4313 251 4376 Delpls.
263 4314 286 4360 et
300 4307 358 4359 tar.
368 4307 434 4357 Clas.
559 4303 643 4366 Pomp.
656 4303 679 4352 F
679 4311 720 4352 eet.
1072 4301 1086 4344 s
1104 4297 1127 4344 U
