2930 4870
254 369 339 435 1052
584 385 697 432 sexui
722 385 872 432 nonrnnu
898 384 1001 433 susm

255 529 440 596 convicium
454 528 593 593 fecerint
608 528 765 606 dicimus,
781 528 871 610 quod
887 527 921 590 id
937 528 1036 604 clare,
1051 531 1179 591 etcum
1195 527 1327 610 quodam
1451 511 1452 542 ³

255 649 375 697 canore
387 631 435 707 fit,
450 638 490 694 ut
503 630 621 713 procul
636 631 788 695 exaudiri
810 631 939 712 possit:
963 628 1051 712 qnod
1070 633 1169 711 turpe
1193 629 1331 701 hahetur,

255 733 338 814 quia
358 751 425 796 non
448 733 518 795 siue
540 751 647 796 causo
667 732 739 796 fiori
762 737 918 815 putetur:
940 730 1016 794 indo
1039 731 1244 794 cantilenam
1267 729 1334 802 dici,

256 835 337 916 quia
349 833 441 898 illam
456 853 521 897 non
536 839 655 898 cantus
667 833 918 917 jucunditatem,
935 839 1029 915 puto.
1060 831 1183 895 Ocrcm
1204 831 1332 914 antiqui,

256 941 294 998 ut
307 932 425 998 Ateius
441 934 639 1017 Philologus
661 935 696 997 in
718 934 804 998 libro
823 933 1110 998 Glossemntornm
1126 932 1240 1009 refert,
1256 952 1334 995 mon

257 1043 323 1100 tem
338 1035 571 1117 confragosum
585 1038 764 1114 vocabant,
780 1041 821 1099 nt
836 1043 921 1118 aput
936 1036 1082 1100 Livium:
1097 1033 1176 1098 ··Sed
1192 1034 1335 1117 quisunt

257 1136 303 1213 hi,
319 1136 378 1218 qui
392 1137 575 1200 escendunt
590 1139 691 1202 cltum
715 1137 844 1201 ocriml
866 1149 912 1213 et,
935 1135 1090 1219 celsosq.
1114 1136 1215 1213 ocris,
1230 1155 1336 1216 orvaq.

257 1238 393 1320 putris,³
421 1245 456 1302 et
480 1255 569 1304 marc
588 1257 752 1320 maguum.
808 1236 935 1320 Nomq.
957 1237 1093 1300 Taenori
1116 1237 1229 1300 celsos
1250 1235 1337 1299 ocris

259 1347 305 1417 et,
321 1340 416 1406 Haut
431 1345 468 1404 ut
482 1360 582 1424 quem
598 1339 698 1405 Chiro
712 1341 745 1403 in
759 1340 858 1404 Pelio
873 1340 990 1404 docuit
1005 1341 1085 1403 ocri.
1099 1339 1190 1402 undo
1204 1338 1337 1401 sortasse

259 1441 358 1506 ctiam
377 1445 500 1507 ocrim⁴
520 1444 588 1508 sint
602 1444 700 1508 dictae
716 1441 930 1525 inaequaliter
952 1442 1125 1505 tuberatae.
1171 1437 1298 1503 Occnre
1310 1445 1339 1502 et

259 1551 448 1608 occatorem
471 1545 610 1610 Verrius
625 1550 733 1629 putot·
740 1544 865 1609 dictum
881 1545 924 1608 ah
940 1543 1156 1618 occaedendo,
1173 1539 1266 1623 quod
1281 1559 1340 1609 cae·

259 1643 317 1708 det
331 1646 464 1726 grandis
487 1647 602 1728 globos
624 1653 739 1711 terroe:
761 1666 834 1711 cum
859 1645 976 1710 Cicero
998 1643 1234 1710 venustissime
1257 1643 1341 1705 dicct

259 1747 303 1810 ab
319 1749 519 1812 occaecando
534 1746 644 1830 fruges
656 1756 762 1812 satas.
807 1747 922 1830 Ocyue
936 1746 1092 1812 'secundm
1107 1744 1298 1810 collationis
1310 1751 1341 1807 et

191 1919 193 1924 .
260 1845 380 1912 deinde
395 1850 500 1914 tectim
515 1851 691 1914 occissime
706 1848 1018 1930 frequentatcsuut.
1061 1847 1132 1912 Alii
1147 1847 1257 1910 dictos
1269 1865 1340 1908 nos-

262 1955 332 2012 trus
343 1953 470 2013 trectn⁵
482 1969 526 2013 cx
538 1947 668 2027 Gracco,
679 1949 786 2025 idest,
797 1947 901 2027 ὠκέως,
913 1949 1011 2032 cujus
1021 1948 1127 2032 prima
1137 1949 1341 2031 significatio,

262 2069 306 2112 ox
320 2069 387 2132 qua
399 2051 580 2135 procedere
602 2052 636 2115 in
658 2051 941 2133 comparationem
963 2050 1071 2126 debet,
1094 2035 1193 2131 cpud'
1210 2069 1272 2113 nos
1285 2069 1342 2112 non

262 2160 314 2216 cst
329 2154 435 2218 tertioe
451 2172 528 2218 vero
551 2151 812 2233 consolationis,⁶
835 2153 931 2239 cujus
946 2152 1074 2237 majora
1088 2151 1245 2234 exemplo
1260 2159 1341 2228 sunt,

264 2261 380 2320 auctor
394 2264 446 2320 ost
459 2255 601 2320 Plautus
616 2257 650 2320 in
664 2255 884 2321 Neruolaria:
908 2253 1075 2320 Ocissime
1090 2273 1154 2318 nos
1170 2251 1241 2336 [3⁰]
1254 2252 1342 2316 liberi

263 2358 433 2438 possimus
455 2357 525 2422 fieri
566 2399 1341 2421 .........

264 2459 440 2543 quicquam
452 2461 574 2524 occissi

267 2557 388 2625 celius
402 2563 613 2628 historiarum
629 2560 709 2625 libro
752 2583 756 2590 ·
761 2606 1158 2624 .....

265 2669 376 2726 tantur
391 2663 566 2729 cecissimo

267 2763 671 2849 AEliurLamiaapud.
761 2810 768 2826 .
858 2813 865 2828 .
956 2775 978 2828 .’
1052 2811 1060 2826 .
1152 2809 1158 2822 .
1245 2806 1253 2822 .
1332 2807 1339 2820 ·

553 2912 561 2930 .
648 2868 801 2933 Lamiam
813 2874 963 2951 oport.
1051 2912 1058 2926 .
1149 2908 1157 2924 .
1244 2909 1252 2925 .
1332 2903 1340 2919 .

846 2968 1013 3044 Ocimum,
1038 2966 1205 3041 Graecum,
1227 2975 1253 3026 et
1267 2985 1285 3025 o
1299 2983 1342 3024 ce·

266 3072 386 3138 lenitate
407 3071 550 3136 noscendi
571 3082 614 3136 est
636 3070 760 3135 dictum.
805 3069 1070 3152 Occupaticins‘
1093 3087 1169 3153 ager
1191 3063 1340 3129 dicebatur

266 3175 305 3238 ob
321 3175 467 3260 antiquis,
483 3175 537 3260 qui
549 3173 690 3238 desitura
703 3173 858 3237 cultorib.
873 3168 1063 3254 frequentari
1071 3167 1219 3252 propriis,
1228 3163 1265 3229 oh
1278 3162 1342 3225 olr'rs

268 3288 311 3341 est
332 3279 472 3361 occupari
496 3282 651 3359 coeptus:
686 3274 774 3358 quod
803 3275 848 3337 in'
864 3294 940 3357 agro
968 3270 1128 3354 Campano
1142 3269 1267 3354 facturn
1292 3273 1341 3328 est.

269 3381 359 3444 Nam
374 3381 451 3445 cum
475 3377 645 3443 Hannibal
662 3373 839 3460 Copuouor,
853 3376 907 3459 qui
918 3371 1096 3437 de'Punica
1111 3372 1269 3454 ren-bene
1281 3385 1341 3429 mc-

268 3479 474 3563 ulciscemur,
486 3499 679 3542 remunerare
695 3476 795 3556 uellet,
807 3483 875 3559 atq.
884 3495 998 3539 eorum
1013 3493 1114 3556 egros,
1128 3473 1184 3557 qui
1197 3478 1284 3534 orent
1294 3487 1343 3528 oc-

265 3819 288 3956 ἰι
301 3841 351 3920 θιῑ.
360 3842 496 3906 notun-«l
513 3838 533 3888 f.
548 3845 676 3890 ocrem—5
694 3837 713 3886 f.
724 3839 776 3891 Alii
790 3853 836 3886 non
844 3837 908 3886 dicto
918 3851 938 3884 r.
948 3839 1037 3898 nostro,
1047 3834 1088 3882 red
1101 3835 1232 3882 tracto-6
1248 3827 1265 3878 t.
1277 3829 1348 3876 cdl·-

281 3921 349 3957 nonu.

759 4028 866 4083 NOTAE

302 4153 314 4178 ⁸
331 4145 495 4210 conputetur
504 4147 574 4210 eger]
586 4148 625 4196 De
637 4148 704 4210 egris
716 4160 791 4196 occu·
832 4156 960 4208 agrorum.

270 4220 372 4281 petiolis
394 4221 453 4268 vide
474 4223 615 4284 scriptores
637 4223 669 4272 dc
689 4221 790 4271 linitio.
