<?xml version="1.0" encoding="UTF-8"?>
<!DOCTYPE html PUBLIC "-//W3C//DTD XHTML 1.0 Transitional//EN"
    "http://www.w3.org/TR/xhtml1/DTD/xhtml1-transitional.dtd">
<html xmlns="http://www.w3.org/1999/xhtml" xml:lang="en" lang="en">
 <head>
  <title>
</title>
<meta http-equiv="Content-Type" content="text/html;charset=utf-8" />
  <meta name='ocr-system' content='tesseract 3.04.00' />
  <meta name='ocr-capabilities' content='ocr_page ocr_carea ocr_par ocr_line ocrx_word'/>
</head>
<body>
  <div class='ocr_page' id='page_1' title='image "./mverriiflacciqu02flacgoog/mverriiflacciqu02flacgoog_0113.png"; bbox 0 0 2868 4838; ppageno 0'>
   <div class='ocr_carea' id='block_1_1' title="bbox 247 365 1010 452">
    <p class='ocr_par' dir='ltr' id='par_1_1' title="bbox 247 365 1010 452">
     <span class='ocr_line' id='line_1_1' title="bbox 247 365 1010 452; baseline 0.004 -20"><span class='ocrx_word' id='word_1_1' title='bbox 247 365 312 432; x_wconf 83' lang='lat'>608</span> <span class='ocrx_word' id='word_1_2' title='bbox 590 383 881 452; x_wconf 60' lang='lat' dir='ltr'>snxmmonrmr</span> <span class='ocrx_word' id='word_1_3' title='bbox 907 385 1010 437; x_wconf 80' lang='lat' dir='ltr'>nuans</span> 
     </span>
    </p>
   </div>
   <div class='ocr_carea' id='block_1_2' title="bbox 248 523 1341 812">
    <p class='ocr_par' dir='ltr' id='par_1_2' title="bbox 248 523 1341 812">
     <span class='ocr_line' id='line_1_2' title="bbox 248 523 1340 610; baseline 0.002 -22"><span class='ocrx_word' id='word_1_4' title='bbox 248 523 446 592; x_wconf 85' lang='lat' dir='ltr'>Pollucere&#39;</span> <span class='ocrx_word' id='word_1_5' title='bbox 461 543 586 592; x_wconf 86' lang='lat' dir='ltr'>merces</span> <span class='ocrx_word' id='word_1_6' title='bbox 589 572 987 595; x_wconf 91' lang='grc'><strong>.....</strong></span> <span class='ocrx_word' id='word_1_7' title='bbox 1073 527 1175 594; x_wconf 84' lang='lat' dir='ltr'>licoat</span> <span class='ocrx_word' id='word_1_8' title='bbox 1210 525 1340 610; x_wconf 76' lang='lat' dir='ltr'>[Fran.</span> 
     </span>
     <span class='ocr_line' id='line_1_3' title="bbox 290 626 1340 713; baseline 0.005 -24"><span class='ocrx_word' id='word_1_9' title='bbox 290 633 370 690; x_wconf 80' lang='lat' dir='ltr'>nnnt</span> <span class='ocrx_word' id='word_1_10' title='bbox 383 626 444 704; x_wconf 81' lang='lat' dir='ltr'>fur,</span> <span class='ocrx_word' id='word_1_11' title='bbox 459 627 602 708; x_wconf 79' lang='lat' dir='ltr'><strong>polenta,</strong></span> <span class='ocrx_word' id='word_1_12' title='bbox 617 629 743 707; x_wconf 89' lang='lat' dir='ltr'>vinum,</span> <span class='ocrx_word' id='word_1_13' title='bbox 759 632 857 712; x_wconf 85' lang='lat' dir='ltr'>panis</span> <span class='ocrx_word' id='word_1_14' title='bbox 879 633 1099 707; x_wconf 81' lang='lat' dir='ltr'>fermentatus,</span> <span class='ocrx_word' id='word_1_15' title='bbox 1115 629 1201 694; x_wconf 84' lang='lat' dir='ltr'>ficus</span> <span class='ocrx_word' id='word_1_16' title='bbox 1222 649 1340 713; x_wconf 81' lang='lat' dir='ltr'>passa,</span> 
     </span>
     <span class='ocr_line' id='line_1_4' title="bbox 292 727 1341 812; baseline 0.006 -22"><span class='ocrx_word' id='word_1_17' title='bbox 292 727 402 804; x_wconf 84' lang='lat' dir='ltr'>suilla,</span> <span class='ocrx_word' id='word_1_18' title='bbox 423 728 563 805; x_wconf 87' lang='lat' dir='ltr'>bubula,</span> <span class='ocrx_word' id='word_1_19' title='bbox 585 731 714 812; x_wconf 82' lang='lat' dir='ltr'>agnina,</span> <span class='ocrx_word' id='word_1_20' title='bbox 737 733 842 809; x_wconf 83' lang='lat' dir='ltr'>casei,</span> <span class='ocrx_word' id='word_1_21' title='bbox 866 733 981 810; x_wconf 83' lang='lat' dir='ltr'>ovilla,</span> <span class='ocrx_word' id='word_1_22' title='bbox 1008 731 1106 809; x_wconf 81' lang='lat' dir='ltr'>ulica,</span> <span class='ocrx_word' id='word_1_23' title='bbox 1132 746 1276 808; x_wconf 78' lang='lat' dir='ltr'>cesama,</span> <span class='ocrx_word' id='word_1_24' title='bbox 1303 737 1341 796; x_wconf 84' lang='lat' dir='ltr'>et</span> 
     </span>
    </p>
   </div>
   <div class='ocr_carea' id='block_1_3' title="bbox 738 955 848 1008">
    <p class='ocr_par' dir='ltr' id='par_1_3' title="bbox 738 955 848 1008">
     <span class='ocr_line' id='line_1_5' title="bbox 738 955 848 1008; baseline -0.018 0"><span class='ocrx_word' id='word_1_25' title='bbox 738 955 848 1008; x_wconf 81' lang='lat' dir='ltr'>NOTAE</span> 
     </span>
    </p>
   </div>
   <div class='ocr_carea' id='block_1_4' title="bbox 187 1081 1351 4219">
    <p class='ocr_par' dir='ltr' id='par_1_4' title="bbox 246 1081 1342 1374">
     <span class='ocr_line' id='line_1_6' title="bbox 247 1081 1341 1151; baseline -0.001 -17"><span class='ocrx_word' id='word_1_26' title='bbox 247 1081 308 1146; x_wconf 77' lang='lat' dir='ltr'>piro</span> <span class='ocrx_word' id='word_1_27' title='bbox 328 1083 440 1150; x_wconf 69' lang='lat' dir='ltr'>nitimur,</span> <span class='ocrx_word' id='word_1_28' title='bbox 459 1083 585 1148; x_wconf 73' lang='lat' dir='ltr'>nidorem.</span> <span class='ocrx_word' id='word_1_29' title='bbox 604 1083 698 1148; x_wconf 66' lang='grc' dir='ltr'><strong><em>προχόῳ</em></strong></span> <span class='ocrx_word' id='word_1_30' title='bbox 714 1102 772 1148; x_wconf 84' lang='grc' dir='ltr'><strong>χρυ·</strong></span> <span class='ocrx_word' id='word_1_31' title='bbox 811 1087 945 1151; x_wconf 78' lang='lat' dir='ltr'>cpulaeqne</span> <span class='ocrx_word' id='word_1_32' title='bbox 957 1087 1068 1151; x_wconf 77' lang='lat' dir='ltr'>publicae</span> <span class='ocrx_word' id='word_1_33' title='bbox 1086 1085 1186 1136; x_wconf 83' lang='lat' dir='ltr'>facilins</span> <span class='ocrx_word' id='word_1_34' title='bbox 1198 1084 1230 1134; x_wconf 87' lang='lat' dir='ltr'>sd</span> <span class='ocrx_word' id='word_1_35' title='bbox 1251 1083 1341 1149; x_wconf 84' lang='lat' dir='ltr'>pulsi·</span> 
     </span>
     <span class='ocr_line' id='line_1_7' title="bbox 247 1159 1340 1226; baseline -0.003 -16"><span class='ocrx_word' id='word_1_36' title='bbox 247 1159 310 1226; x_wconf 77' lang='lat' dir='ltr'>reip,</span> <span class='ocrx_word' id='word_1_37' title='bbox 326 1163 421 1211; x_wconf 80' lang='lat' dir='ltr'>‘unreo</span> <span class='ocrx_word' id='word_1_38' title='bbox 433 1161 523 1225; x_wconf 62' lang='lat' dir='ltr'>guito!</span> <span class='ocrx_word' id='word_1_39' title='bbox 532 1161 651 1224; x_wconf 74' lang='lat' dir='ltr'>dpyopioto</span> <span class='ocrx_word' id='word_1_40' title='bbox 661 1159 773 1224; x_wconf 65' lang='grc' dir='ltr'>λέβητος,</span> <span class='ocrx_word' id='word_1_41' title='bbox 811 1163 883 1210; x_wconf 80' lang='lat' dir='ltr'>narie</span> <span class='ocrx_word' id='word_1_42' title='bbox 894 1169 1113 1226; x_wconf 67' lang='lat' dir='ltr'>compararentur.</span> <span class='ocrx_word' id='word_1_43' title='bbox 1137 1162 1215 1225; x_wconf 85' lang='lat' dir='ltr'>cnjus</span> <span class='ocrx_word' id='word_1_44' title='bbox 1226 1159 1264 1209; x_wconf 88' lang='lat' dir='ltr'>rei</span> <span class='ocrx_word' id='word_1_45' title='bbox 1275 1173 1340 1209; x_wconf 87' lang='lat' dir='ltr'>auc·</span> 
     </span>
     <span class='ocr_line' id='line_1_8' title="bbox 246 1233 1341 1302; baseline 0.001 -16"><span class='ocrx_word' id='word_1_46' title='bbox 246 1237 531 1301; x_wconf 63' lang='lat' dir='ltr'>‘urgenteopollnbrol</span> <span class='ocrx_word' id='word_1_47' title='bbox 550 1233 649 1301; x_wconf 78' lang='lat' dir='ltr'>Aqoum</span> <span class='ocrx_word' id='word_1_48' title='bbox 663 1252 723 1286; x_wconf 85' lang='lat' dir='ltr'>rcro</span> <span class='ocrx_word' id='word_1_49' title='bbox 735 1237 773 1302; x_wconf 90' lang='lat' dir='ltr'>ip·</span> <span class='ocrx_word' id='word_1_50' title='bbox 811 1243 853 1286; x_wconf 88' lang='lat' dir='ltr'>tor</span> <span class='ocrx_word' id='word_1_51' title='bbox 871 1238 975 1288; x_wconf 83' lang='lat' dir='ltr'>Cassius</span> <span class='ocrx_word' id='word_1_52' title='bbox 993 1239 1104 1288; x_wconf 84' lang='lat' dir='ltr'>Hemina</span> <span class='ocrx_word' id='word_1_53' title='bbox 1126 1237 1194 1301; x_wconf 85' lang='lat' dir='ltr'>apud</span> <span class='ocrx_word' id='word_1_54' title='bbox 1216 1235 1341 1288; x_wconf 80' lang='lat' dir='ltr'>Plinium.</span> 
     </span>
     <span class='ocr_line' id='line_1_9' title="bbox 247 1310 1342 1374; baseline -0.005 -12"><span class='ocrx_word' id='word_1_55' title='bbox 247 1327 302 1362; x_wconf 79' lang='lat' dir='ltr'>sam</span> <span class='ocrx_word' id='word_1_56' title='bbox 313 1313 411 1374; x_wconf 69' lang='grc' dir='ltr'>χέρνιβα</span> <span class='ocrx_word' id='word_1_57' title='bbox 424 1313 556 1363; x_wconf 74' lang='lat' dir='ltr'>vocabant.</span> <span class='ocrx_word' id='word_1_58' title='bbox 572 1313 624 1361; x_wconf 75' lang='lat' dir='ltr'>dos.</span> <span class='ocrx_word' id='word_1_59' title='bbox 637 1313 700 1361; x_wconf 70' lang='grc' dir='ltr'>διαὶ.</span> <span class='ocrx_word' id='word_1_60' title='bbox 810 1312 848 1360; x_wconf 89' lang='lat' dir='ltr'>his</span> <span class='ocrx_word' id='word_1_61' title='bbox 860 1313 961 1363; x_wconf 78' lang='lat' dir='ltr'>verbis:</span> <span class='ocrx_word' id='word_1_62' title='bbox 979 1315 1081 1364; x_wconf 85' lang='lat' dir='ltr'>‘Numa</span> <span class='ocrx_word' id='word_1_63' title='bbox 1091 1311 1233 1365; x_wconf 85' lang='lat' dir='ltr'>constituit,</span> <span class='ocrx_word' id='word_1_64' title='bbox 1244 1318 1273 1359; x_wconf 87' lang='lat' dir='ltr'>nt</span> <span class='ocrx_word' id='word_1_65' title='bbox 1286 1310 1342 1372; x_wconf 85' lang='lat' dir='ltr'>pis-</span> 
     </span>
    </p>

    <p class='ocr_par' dir='ltr' id='par_1_5' title="bbox 187 1385 1349 2350">
     <span class='ocr_line' id='line_1_10' title="bbox 281 1385 1343 1453; baseline -0.002 -19"><span class='ocrx_word' id='word_1_66' title='bbox 281 1387 428 1450; x_wconf 85' lang='lat' dir='ltr'>Pollnbrnm]</span> <span class='ocrx_word' id='word_1_67' title='bbox 451 1387 516 1436; x_wconf 79' lang='lat' dir='ltr'>Haec</span> <span class='ocrx_word' id='word_1_68' title='bbox 528 1394 611 1436; x_wconf 82' lang='lat' dir='ltr'>sonte</span> <span class='ocrx_word' id='word_1_69' title='bbox 623 1387 698 1436; x_wconf 83' lang='lat' dir='ltr'>Porrli</span> <span class='ocrx_word' id='word_1_70' title='bbox 711 1386 772 1449; x_wconf 85' lang='lat' dir='ltr'>Epi·</span> <span class='ocrx_word' id='word_1_71' title='bbox 811 1389 858 1451; x_wconf 85' lang='lat' dir='ltr'>cis,</span> <span class='ocrx_word' id='word_1_72' title='bbox 878 1389 921 1453; x_wconf 86' lang='lat' dir='ltr'>qui</span> <span class='ocrx_word' id='word_1_73' title='bbox 935 1389 1062 1453; x_wconf 83' lang='lat' dir='ltr'>squamosi</span> <span class='ocrx_word' id='word_1_74' title='bbox 1073 1403 1124 1438; x_wconf 88' lang='lat' dir='ltr'>non</span> <span class='ocrx_word' id='word_1_75' title='bbox 1139 1395 1231 1440; x_wconf 74' lang='lat' dir='ltr'>essent,</span> <span class='ocrx_word' id='word_1_76' title='bbox 1243 1386 1269 1433; x_wconf 90' lang='lat' dir='ltr'>ni</span> <span class='ocrx_word' id='word_1_77' title='bbox 1282 1385 1343 1449; x_wconf 93' lang='lat' dir='ltr'>pol·</span> 
     </span>
     <span class='ocr_line' id='line_1_11' title="bbox 248 1460 1344 1530; baseline -0.001 -21"><span class='ocrx_word' id='word_1_78' title='bbox 248 1466 327 1509; x_wconf 89' lang='lat' dir='ltr'>tome.</span> <span class='ocrx_word' id='word_1_79' title='bbox 358 1461 445 1510; x_wconf 84' lang='lat' dir='ltr'>Verba</span> <span class='ocrx_word' id='word_1_80' title='bbox 460 1461 531 1510; x_wconf 79' lang='lat' dir='ltr'>Festi</span> <span class='ocrx_word' id='word_1_81' title='bbox 549 1461 643 1525; x_wconf 86' lang='lat' dir='ltr'>rejects</span> <span class='ocrx_word' id='word_1_82' title='bbox 660 1460 734 1510; x_wconf 78' lang='lat' dir='ltr'>inere</span> <span class='ocrx_word' id='word_1_83' title='bbox 747 1461 772 1510; x_wconf 90' lang='lat' dir='ltr'>iu</span> <span class='ocrx_word' id='word_1_84' title='bbox 810 1467 935 1522; x_wconf 82' lang='lat' dir='ltr'>lucerent,</span> <span class='ocrx_word' id='word_1_85' title='bbox 947 1465 1101 1530; x_wconf 75' lang='lat' dir='ltr'>parsimonia</span> <span class='ocrx_word' id='word_1_86' title='bbox 1115 1469 1282 1516; x_wconf 85' lang='lat' dir='ltr'>commentos,</span> <span class='ocrx_word' id='word_1_87' title='bbox 1300 1461 1344 1509; x_wconf 92' lang='lat' dir='ltr'>uti</span> 
     </span>
     <span class='ocr_line' id='line_1_12' title="bbox 248 1534 1343 1606; baseline 0 -22"><span class='ocrx_word' id='word_1_88' title='bbox 248 1534 326 1584; x_wconf 83' lang='lat' dir='ltr'>finem</span> <span class='ocrx_word' id='word_1_89' title='bbox 337 1535 412 1598; x_wconf 83' lang='lat' dir='ltr'>bujrrs</span> <span class='ocrx_word' id='word_1_90' title='bbox 429 1534 498 1596; x_wconf 87' lang='lat' dir='ltr'>iibri,</span> <span class='ocrx_word' id='word_1_91' title='bbox 508 1542 565 1596; x_wconf 91' lang='lat' dir='ltr'>post</span> <span class='ocrx_word' id='word_1_92' title='bbox 585 1543 665 1597; x_wconf 86' lang='lat' dir='ltr'>caput</span> <span class='ocrx_word' id='word_1_93' title='bbox 679 1550 772 1598; x_wconf 84' lang='lat' dir='ltr'>promp-</span> <span class='ocrx_word' id='word_1_94' title='bbox 811 1543 929 1592; x_wconf 71' lang='lat' dir='ltr'>convivia</span> <span class='ocrx_word' id='word_1_95' title='bbox 946 1541 1056 1606; x_wconf 73' lang='lat' dir='ltr'>publica,</span> <span class='ocrx_word' id='word_1_96' title='bbox 1074 1549 1103 1590; x_wconf 78' lang='lat' dir='ltr'>et</span> <span class='ocrx_word' id='word_1_97' title='bbox 1118 1541 1227 1602; x_wconf 80' lang='lat' dir='ltr'>privata,</span> <span class='ocrx_word' id='word_1_98' title='bbox 1243 1551 1343 1586; x_wconf 72' lang='lat' dir='ltr'>roent-</span> 
     </span>
     <span class='ocr_line' id='line_1_13' title="bbox 250 1607 1346 1680; baseline -0.004 -16"><span class='ocrx_word' id='word_1_99' title='bbox 250 1613 314 1658; x_wconf 65' lang='lat' dir='ltr'>illm:</span> <span class='ocrx_word' id='word_1_100' title='bbox 326 1607 469 1657; x_wconf 67' lang='lat' dir='ltr'>locumfldi·</span> <span class='ocrx_word' id='word_1_101' title='bbox 487 1607 625 1657; x_wconf 64' lang='lat' dir='ltr'>Pollflbfflm</span> <span class='ocrx_word' id='word_1_102' title='bbox 636 1617 772 1658; x_wconf 64' lang='lat' dir='ltr'>tilletum</span> <span class='ocrx_word' id='word_1_103' title='bbox 810 1631 860 1680; x_wconf 88' lang='lat' dir='ltr'>qne</span> <span class='ocrx_word' id='word_1_104' title='bbox 877 1617 909 1665; x_wconf 84' lang='lat' dir='ltr'>sd</span> <span class='ocrx_word' id='word_1_105' title='bbox 928 1615 1070 1680; x_wconf 82' lang='lat' dir='ltr'>pulvinaria</span> <span class='ocrx_word' id='word_1_106' title='bbox 1086 1614 1186 1664; x_wconf 80' lang='lat' dir='ltr'>sacilinu</span> <span class='ocrx_word' id='word_1_107' title='bbox 1205 1625 1346 1675; x_wconf 82' lang='lat' dir='ltr'>comparu-</span> 
     </span>
     <span class='ocr_line' id='line_1_14' title="bbox 249 1681 1344 1757; baseline 0.005 -27"><span class='ocrx_word' id='word_1_108' title='bbox 249 1681 409 1745; x_wconf 80' lang='lat' dir='ltr'>exclpiende</span> <span class='ocrx_word' id='word_1_109' title='bbox 418 1697 491 1747; x_wconf 84' lang='lat' dir='ltr'>aquae</span> <span class='ocrx_word' id='word_1_110' title='bbox 501 1683 560 1732; x_wconf 89' lang='lat' dir='ltr'>dum</span> <span class='ocrx_word' id='word_1_111' title='bbox 569 1697 657 1733; x_wconf 83' lang='lat' dir='ltr'>munus</span> <span class='ocrx_word' id='word_1_112' title='bbox 667 1684 774 1732; x_wconf 89' lang='lat' dir='ltr'>abluun·</span> <span class='ocrx_word' id='word_1_113' title='bbox 811 1701 916 1743; x_wconf 84' lang='lat' dir='ltr'>rentur:</span> <span class='ocrx_word' id='word_1_114' title='bbox 929 1693 954 1741; x_wconf 88' lang='lat' dir='ltr'>nl</span> <span class='ocrx_word' id='word_1_115' title='bbox 966 1691 1008 1757; x_wconf 85' lang='lat' dir='ltr'>qul</span> <span class='ocrx_word' id='word_1_116' title='bbox 1018 1691 1050 1741; x_wconf 88' lang='lat' dir='ltr'>ad</span> <span class='ocrx_word' id='word_1_117' title='bbox 1063 1691 1201 1753; x_wconf 74' lang='lat' dir='ltr'>polluctum</span> <span class='ocrx_word' id='word_1_118' title='bbox 1210 1696 1344 1742; x_wconf 82' lang='lat' dir='ltr'>emerent.</span> 
     </span>
     <span class='ocr_line' id='line_1_15' title="bbox 247 1755 1345 1830; baseline -0.004 -25"><span class='ocrx_word' id='word_1_119' title='bbox 247 1765 310 1806; x_wconf 79' lang='lat' dir='ltr'>tur:</span> <span class='ocrx_word' id='word_1_120' title='bbox 333 1763 419 1818; x_wconf 59' lang='lat' dir='ltr'>gillius</span> <span class='ocrx_word' id='word_1_121' title='bbox 440 1757 508 1807; x_wconf 83' lang='lat' dir='ltr'>uude</span> <span class='ocrx_word' id='word_1_122' title='bbox 530 1771 596 1822; x_wconf 83' lang='lat' dir='ltr'>equa</span> <span class='ocrx_word' id='word_1_123' title='bbox 622 1755 771 1806; x_wconf 80' lang='lat' dir='ltr'>effunditur.</span> <span class='ocrx_word' id='word_1_124' title='bbox 812 1766 901 1830; x_wconf 67' lang='lat' dir='ltr'>precio</span> <span class='ocrx_word' id='word_1_125' title='bbox 912 1769 993 1815; x_wconf 64' lang='lat' dir='ltr'>minus</span> <span class='ocrx_word' id='word_1_126' title='bbox 1009 1771 1156 1828; x_wconf 68' lang='lat' dir='ltr'>paremnt,</span> <span class='ocrx_word' id='word_1_127' title='bbox 1174 1777 1255 1827; x_wconf 63' lang='lat' dir='ltr'>eaque</span> <span class='ocrx_word' id='word_1_128' title='bbox 1270 1777 1345 1825; x_wconf 66' lang='lat' dir='ltr'>pm.</span> 
     </span>
     <span class='ocr_line' id='line_1_16' title="bbox 249 1831 1344 1905; baseline 0.001 -26"><span class='ocrx_word' id='word_1_129' title='bbox 249 1831 343 1881; x_wconf 82' lang='lat' dir='ltr'>Fabius</span> <span class='ocrx_word' id='word_1_130' title='bbox 363 1833 447 1895; x_wconf 86' lang='lat' dir='ltr'>pictor</span> <span class='ocrx_word' id='word_1_131' title='bbox 460 1832 503 1882; x_wconf 89' lang='lat' dir='ltr'>lib.</span> <span class='ocrx_word' id='word_1_132' title='bbox 515 1845 577 1881; x_wconf 82' lang='lat' dir='ltr'>xvr.</span> <span class='ocrx_word' id='word_1_133' title='bbox 593 1831 708 1895; x_wconf 84' lang='lat' dir='ltr'>‘Aquam</span> <span class='ocrx_word' id='word_1_134' title='bbox 721 1847 773 1880; x_wconf 84' lang='lat' dir='ltr'>ma-</span> <span class='ocrx_word' id='word_1_135' title='bbox 811 1840 1004 1891; x_wconf 56' lang='lat' dir='ltr'>mmmnrufss</span> <span class='ocrx_word' id='word_1_136' title='bbox 1037 1842 1130 1905; x_wconf 65' lang='lat' dir='ltr'>Neque</span> <span class='ocrx_word' id='word_1_137' title='bbox 1148 1839 1174 1888; x_wconf 76' lang='lat' dir='ltr'>in</span> <span class='ocrx_word' id='word_1_138' title='bbox 1191 1839 1240 1888; x_wconf 88' lang='lat' dir='ltr'>boc</span> <span class='ocrx_word' id='word_1_139' title='bbox 1256 1838 1344 1902; x_wconf 71' lang='lat' dir='ltr'>pisce,</span> 
     </span>
     <span class='ocr_line' id='line_1_17' title="bbox 249 1905 1347 1976; baseline 0.006 -23"><span class='ocrx_word' id='word_1_140' title='bbox 249 1905 324 1954; x_wconf 83' lang='lat' dir='ltr'>uibus</span> <span class='ocrx_word' id='word_1_141' title='bbox 344 1907 505 1972; x_wconf 77' lang='lat' dir='ltr'>pedibusque</span> <span class='ocrx_word' id='word_1_142' title='bbox 525 1908 597 1969; x_wconf 84' lang='lat' dir='ltr'>dato,</span> <span class='ocrx_word' id='word_1_143' title='bbox 628 1908 773 1970; x_wconf 80' lang='lat' dir='ltr'>pollubrum</span> <span class='ocrx_word' id='word_1_144' title='bbox 811 1917 893 1964; x_wconf 87' lang='lat' dir='ltr'>sedin</span> <span class='ocrx_word' id='word_1_145' title='bbox 912 1918 997 1966; x_wconf 85' lang='lat' dir='ltr'>multis</span> <span class='ocrx_word' id='word_1_146' title='bbox 1014 1917 1070 1966; x_wconf 85' lang='lat' dir='ltr'>aliis</span> <span class='ocrx_word' id='word_1_147' title='bbox 1082 1915 1222 1964; x_wconf 83' lang='lat' dir='ltr'>modnsrst</span> <span class='ocrx_word' id='word_1_148' title='bbox 1233 1913 1347 1976; x_wconf 86' lang='lat' dir='ltr'>imposi-</span> 
     </span>
     <span class='ocr_line' id='line_1_18' title="bbox 248 1981 1346 2041; baseline 0.004 -11"><span class='ocrx_word' id='word_1_149' title='bbox 248 1981 352 2031; x_wconf 79' lang='lat' dir='ltr'>riuistru</span> <span class='ocrx_word' id='word_1_150' title='bbox 369 1997 444 2030; x_wconf 84' lang='lat' dir='ltr'>mann</span> <span class='ocrx_word' id='word_1_151' title='bbox 462 1993 563 2038; x_wconf 83' lang='lat' dir='ltr'>teneto,</span> <span class='ocrx_word' id='word_1_152' title='bbox 580 1983 675 2032; x_wconf 83' lang='lat' dir='ltr'>dextra</span> <span class='ocrx_word' id='word_1_153' title='bbox 686 1997 773 2031; x_wconf 82' lang='lat' dir='ltr'>rasum</span> <span class='ocrx_word' id='word_1_154' title='bbox 814 1998 855 2039; x_wconf 85' lang='grc' dir='ltr'>ιιιι</span> <span class='ocrx_word' id='word_1_155' title='bbox 873 1991 951 2040; x_wconf 81' lang='lat' dir='ltr'>etium</span> <span class='ocrx_word' id='word_1_156' title='bbox 967 1990 1104 2041; x_wconf 84' lang='lat' dir='ltr'>sacrificiis.</span> <span class='ocrx_word' id='word_1_157' title='bbox 1137 1986 1346 2040; x_wconf 77' lang='lat' dir='ltr'>Quareserrius</span> 
     </span>
     <span class='ocr_line' id='line_1_19' title="bbox 248 2055 1349 2127; baseline 0.005 -22"><span class='ocrx_word' id='word_1_158' title='bbox 248 2055 402 2120; x_wconf 83' lang='lat' dir='ltr'>cunraquu.’</span> <span class='ocrx_word' id='word_1_159' title='bbox 434 2057 475 2106; x_wconf 87' lang='lat' dir='ltr'>Sic</span> <span class='ocrx_word' id='word_1_160' title='bbox 493 2057 520 2105; x_wconf 90' lang='lat' dir='ltr'>ln</span> <span class='ocrx_word' id='word_1_161' title='bbox 538 2057 656 2122; x_wconf 71' lang='lat' dir='ltr'>odyssei</span> <span class='ocrx_word' id='word_1_162' title='bbox 672 2057 772 2106; x_wconf 78' lang='lat' dir='ltr'>veteri:</span> <span class='ocrx_word' id='word_1_163' title='bbox 812 2065 849 2113; x_wconf 84' lang='lat' dir='ltr'>ait</span> <span class='ocrx_word' id='word_1_164' title='bbox 865 2066 891 2114; x_wconf 90' lang='lat' dir='ltr'>in</span> <span class='ocrx_word' id='word_1_165' title='bbox 908 2066 979 2114; x_wconf 86' lang='lat' dir='ltr'>libris</span> <span class='ocrx_word' id='word_1_166' title='bbox 995 2063 1193 2127; x_wconf 68' lang='lat' dir='ltr'>Veterumlegi.</span> <span class='ocrx_word' id='word_1_167' title='bbox 1210 2077 1224 2110; x_wconf 89' lang='grc' dir='ltr'>ιι</span> <span class='ocrx_word' id='word_1_168' title='bbox 1239 2062 1349 2124; x_wconf 86' lang='lat' dir='ltr'>majori·</span> 
     </span>
     <span class='ocr_line' id='line_1_20' title="bbox 247 2131 1349 2202; baseline 0.005 -23"><span class='ocrx_word' id='word_1_169' title='bbox 247 2132 390 2194; x_wconf 79' lang='lat' dir='ltr'>‘argenteo</span> <span class='ocrx_word' id='word_1_170' title='bbox 399 2131 529 2194; x_wconf 89' lang='lat' dir='ltr'>pollnbro&#39;</span> <span class='ocrx_word' id='word_1_171' title='bbox 539 2139 567 2181; x_wconf 86' lang='lat' dir='ltr'>at</span> <span class='ocrx_word' id='word_1_172' title='bbox 578 2139 673 2181; x_wconf 80' lang='lat' dir='ltr'>‘aureo</span> <span class='ocrx_word' id='word_1_173' title='bbox 682 2131 774 2194; x_wconf 80' lang='lat' dir='ltr'>gutro,&#39;</span> <span class='ocrx_word' id='word_1_174' title='bbox 812 2139 859 2187; x_wconf 85' lang='lat' dir='ltr'>bns</span> <span class='ocrx_word' id='word_1_175' title='bbox 875 2139 1043 2188; x_wconf 77' lang='lat' dir='ltr'>sacrificando</span> <span class='ocrx_word' id='word_1_176' title='bbox 1060 2138 1239 2202; x_wconf 70' lang='lat' dir='ltr'>parsimoniam</span> <span class='ocrx_word' id='word_1_177' title='bbox 1253 2137 1349 2186; x_wconf 85' lang='lat' dir='ltr'>obser·</span> 
     </span>
     <span class='ocr_line' id='line_1_21' title="bbox 187 2205 1347 2276; baseline -0.001 -24"><span class='ocrx_word' id='word_1_178' title='bbox 187 2221 197 2242; x_wconf 77' lang='lat'><strong>⁴</strong></span> <span class='ocrx_word' id='word_1_179' title='bbox 247 2205 774 2267; x_wconf 72' lang='lat' dir='ltr'>utoptinreScallger.Pollnbrsrmaliterue</span> <span class='ocrx_word' id='word_1_180' title='bbox 812 2221 905 2262; x_wconf 80' lang='lat' dir='ltr'>varam.</span> <span class='ocrx_word' id='word_1_181' title='bbox 939 2213 1008 2262; x_wconf 81' lang='lat' dir='ltr'>Puto</span> <span class='ocrx_word' id='word_1_182' title='bbox 1029 2213 1112 2276; x_wconf 78' lang='lat' dir='ltr'>legem</span> <span class='ocrx_word' id='word_1_183' title='bbox 1128 2211 1263 2260; x_wconf 85' lang='lat' dir='ltr'>lrisrerlrls</span> <span class='ocrx_word' id='word_1_184' title='bbox 1277 2225 1347 2260; x_wconf 88' lang='lat' dir='ltr'>con.</span> 
     </span>
     <span class='ocr_line' id='line_1_22' title="bbox 244 2279 1348 2350; baseline 0.006 -23"><span class='ocrx_word' id='word_1_185' title='bbox 244 2279 332 2342; x_wconf 76' lang='lat' dir='ltr'>polleo,</span> <span class='ocrx_word' id='word_1_186' title='bbox 341 2279 510 2340; x_wconf 82' lang='lat' dir='ltr'>uta‘delno,&#39;</span> <span class='ocrx_word' id='word_1_187' title='bbox 521 2281 690 2330; x_wconf 81' lang='lat' dir='ltr'>‘delubrum&#39;</span> <span class='ocrx_word' id='word_1_188' title='bbox 709 2284 773 2334; x_wconf 80' lang='lat' dir='ltr'>Dae.</span> <span class='ocrx_word' id='word_1_189' title='bbox 811 2297 912 2350; x_wconf 84' lang='lat' dir='ltr'>ceptam</span> <span class='ocrx_word' id='word_1_190' title='bbox 926 2285 1023 2338; x_wconf 80' lang='lat' dir='ltr'>inisse:</span> <span class='ocrx_word' id='word_1_191' title='bbox 1042 2288 1158 2336; x_wconf 80' lang='lat' dir='ltr'>Plecusa.</span> <span class='ocrx_word' id='word_1_192' title='bbox 1170 2299 1243 2339; x_wconf 82' lang='lat' dir='ltr'>urus.</span> <span class='ocrx_word' id='word_1_193' title='bbox 1256 2299 1348 2339; x_wconf 74' lang='lat' dir='ltr'>suva-</span> 
     </span>
    </p>

    <p class='ocr_par' dir='ltr' id='par_1_6' title="bbox 243 2355 1351 3392">
     <span class='ocr_line' id='line_1_23' title="bbox 279 2355 1346 2418; baseline 0.007 -16"><span class='ocrx_word' id='word_1_194' title='bbox 279 2355 439 2418; x_wconf 71' lang='grc' dir='ltr'>1Ροιιιιιιιι]</span> <span class='ocrx_word' id='word_1_195' title='bbox 458 2355 547 2405; x_wconf 86' lang='lat' dir='ltr'>Utitur</span> <span class='ocrx_word' id='word_1_196' title='bbox 558 2357 606 2405; x_wconf 89' lang='lat' dir='ltr'>boc</span> <span class='ocrx_word' id='word_1_197' title='bbox 620 2358 773 2408; x_wconf 83' lang='lat' dir='ltr'>rerboCato</span> <span class='ocrx_word' id='word_1_198' title='bbox 812 2373 905 2409; x_wconf 75' lang='lat' dir='ltr'>noser.</span> <span class='ocrx_word' id='word_1_199' title='bbox 923 2373 987 2411; x_wconf 79' lang='lat' dir='ltr'>nors.</span> <span class='ocrx_word' id='word_1_200' title='bbox 1009 2374 1083 2410; x_wconf 81' lang='lat' dir='ltr'>evnr.</span> <span class='ocrx_word' id='word_1_201' title='bbox 1101 2373 1158 2409; x_wconf 85' lang='grc' dir='ltr'>ιιιιι.</span> <span class='ocrx_word' id='word_1_202' title='bbox 1182 2372 1346 2410; x_wconf 80' lang='lat' dir='ltr'>roccvcrrro</span> 
     </span>
     <span class='ocr_line' id='line_1_24' title="bbox 247 2429 1346 2488; baseline 0.005 -10"><span class='ocrx_word' id='word_1_203' title='bbox 247 2431 274 2479; x_wconf 88' lang='lat' dir='ltr'>in</span> <span class='ocrx_word' id='word_1_204' title='bbox 292 2430 358 2479; x_wconf 93' lang='lat' dir='ltr'>libro</span> <span class='ocrx_word' id='word_1_205' title='bbox 375 2429 408 2478; x_wconf 85' lang='lat' dir='ltr'>do</span> <span class='ocrx_word' id='word_1_206' title='bbox 426 2431 465 2479; x_wconf 87' lang='lat' dir='ltr'>Ro</span> <span class='ocrx_word' id='word_1_207' title='bbox 482 2431 594 2481; x_wconf 85' lang='lat' dir='ltr'>Rustica.</span> <span class='ocrx_word' id='word_1_208' title='bbox 628 2431 736 2481; x_wconf 84' lang='lat' dir='ltr'>Plautus</span> <span class='ocrx_word' id='word_1_209' title='bbox 747 2433 772 2481; x_wconf 88' lang='lat' dir='ltr'>iu</span> <span class='ocrx_word' id='word_1_210' title='bbox 811 2447 979 2488; x_wconf 83' lang='lat' dir='ltr'>sovsssosoa.</span> <span class='ocrx_word' id='word_1_211' title='bbox 999 2449 1110 2486; x_wconf 78' lang='lat' dir='ltr'>omneis.</span> <span class='ocrx_word' id='word_1_212' title='bbox 1133 2448 1257 2484; x_wconf 66' lang='lat' dir='ltr'>caman.</span> <span class='ocrx_word' id='word_1_213' title='bbox 1278 2448 1346 2484; x_wconf 78' lang='lat' dir='ltr'>scs-</span> 
     </span>
     <span class='ocr_line' id='line_1_25' title="bbox 247 2504 1346 2568; baseline 0.005 -14"><span class='ocrx_word' id='word_1_214' title='bbox 247 2505 346 2561; x_wconf 81' lang='lat' dir='ltr'>sticho,</span> <span class='ocrx_word' id='word_1_215' title='bbox 366 2505 469 2554; x_wconf 75' lang='lat' dir='ltr'>Cassius</span> <span class='ocrx_word' id='word_1_216' title='bbox 492 2505 603 2554; x_wconf 82' lang='lat' dir='ltr'>Hemina</span> <span class='ocrx_word' id='word_1_217' title='bbox 616 2504 685 2568; x_wconf 87' lang='lat' dir='ltr'>spud</span> <span class='ocrx_word' id='word_1_218' title='bbox 705 2506 773 2556; x_wconf 86' lang='lat' dir='ltr'>Plio.</span> <span class='ocrx_word' id='word_1_219' title='bbox 811 2521 1055 2560; x_wconf 60' lang='lat' dir='ltr'>nvssmomn&#39;cnro.</span> <span class='ocrx_word' id='word_1_220' title='bbox 1087 2511 1148 2557; x_wconf 87' lang='lat' dir='ltr'>Sine</span> <span class='ocrx_word' id='word_1_221' title='bbox 1160 2509 1346 2560; x_wconf 86' lang='lat' dir='ltr'>dnbioanteus</span> 
     </span>
     <span class='ocr_line' id='line_1_26' title="bbox 245 2578 1347 2644; baseline 0 -14"><span class='ocrx_word' id='word_1_222' title='bbox 245 2580 290 2632; x_wconf 90' lang='lat' dir='ltr'>lib.</span> <span class='ocrx_word' id='word_1_223' title='bbox 301 2585 510 2644; x_wconf 80' lang='lat' dir='ltr'>xxxrr.eap·ll.</span> <span class='ocrx_word' id='word_1_224' title='bbox 544 2582 591 2630; x_wconf 81' lang='lat' dir='ltr'>Eat</span> <span class='ocrx_word' id='word_1_225' title='bbox 603 2588 688 2630; x_wconf 85' lang='lat' dir='ltr'>antem</span> <span class='ocrx_word' id='word_1_226' title='bbox 701 2581 772 2630; x_wconf 81' lang='lat' dir='ltr'>Festi</span> <span class='ocrx_word' id='word_1_227' title='bbox 809 2583 880 2630; x_wconf 88' lang='lat' dir='ltr'>lacer</span> <span class='ocrx_word' id='word_1_228' title='bbox 902 2585 951 2632; x_wconf 84' lang='lat' dir='ltr'>isto</span> <span class='ocrx_word' id='word_1_229' title='bbox 972 2583 1043 2632; x_wconf 81' lang='lat' dir='ltr'>locor</span> <span class='ocrx_word' id='word_1_230' title='bbox 1061 2585 1098 2632; x_wconf 81' lang='lat' dir='ltr'>ila</span> <span class='ocrx_word' id='word_1_231' title='bbox 1115 2578 1262 2632; x_wconf 86' lang='lat' dir='ltr'>sarciendus</span> <span class='ocrx_word' id='word_1_232' title='bbox 1279 2591 1347 2633; x_wconf 84' lang='lat' dir='ltr'>est:</span> 
     </span>
     <span class='ocr_line' id='line_1_27' title="bbox 246 2654 1348 2722; baseline 0.004 -18"><span class='ocrx_word' id='word_1_233' title='bbox 246 2656 318 2705; x_wconf 89' lang='lat' dir='ltr'>locus</span> <span class='ocrx_word' id='word_1_234' title='bbox 336 2657 407 2705; x_wconf 78' lang='lat' dir='ltr'>locor</span> <span class='ocrx_word' id='word_1_235' title='bbox 426 2656 463 2704; x_wconf 87' lang='lat' dir='ltr'>lta</span> <span class='ocrx_word' id='word_1_236' title='bbox 479 2655 640 2716; x_wconf 58' lang='lat' dir='ltr'>sarciendam</span> <span class='ocrx_word' id='word_1_237' title='bbox 658 2663 687 2706; x_wconf 86' lang='lat' dir='ltr'>nt</span> <span class='ocrx_word' id='word_1_238' title='bbox 703 2656 773 2704; x_wconf 87' lang='lat' dir='ltr'>dica·</span> <span class='ocrx_word' id='word_1_239' title='bbox 811 2654 933 2707; x_wconf 75' lang='lat' dir='ltr'>Pollucem</span> <span class='ocrx_word' id='word_1_240' title='bbox 949 2673 1034 2707; x_wconf 80' lang='lat' dir='ltr'>merres</span> <span class='ocrx_word' id='word_1_241' title='bbox 1045 2659 1102 2708; x_wconf 80' lang='lat' dir='ltr'>Diis</span> <span class='ocrx_word' id='word_1_242' title='bbox 1112 2673 1168 2722; x_wconf 73' lang='lat' dir='ltr'>poor</span> <span class='ocrx_word' id='word_1_243' title='bbox 1184 2659 1262 2712; x_wconf 85' lang='lat' dir='ltr'>licrot,</span> <span class='ocrx_word' id='word_1_244' title='bbox 1272 2665 1348 2714; x_wconf 75' lang='lat' dir='ltr'>runt,</span> 
     </span>
     <span class='ocr_line' id='line_1_28' title="bbox 247 2729 1349 2796; baseline 0.005 -18"><span class='ocrx_word' id='word_1_245' title='bbox 247 2737 300 2788; x_wconf 80' lang='lat' dir='ltr'>tur.</span> <span class='ocrx_word' id='word_1_246' title='bbox 318 2731 325 2756; x_wconf 91' lang='lat'>‘</span> <span class='ocrx_word' id='word_1_247' title='bbox 338 2743 388 2777; x_wconf 89' lang='lat' dir='ltr'>non</span> <span class='ocrx_word' id='word_1_248' title='bbox 399 2729 479 2777; x_wconf 88' lang='lat' dir='ltr'>licere</span> <span class='ocrx_word' id='word_1_249' title='bbox 491 2729 575 2778; x_wconf 86' lang='lat' dir='ltr'>omnia</span> <span class='ocrx_word' id='word_1_250' title='bbox 587 2731 718 2794; x_wconf 80' lang='lat' dir='ltr'>pollucere</span> <span class='ocrx_word' id='word_1_251' title='bbox 730 2733 772 2780; x_wconf 88' lang='lat' dir='ltr'>aii·</span> <span class='ocrx_word' id='word_1_252' title='bbox 808 2731 861 2791; x_wconf 85' lang='lat' dir='ltr'>sor,</span> <span class='ocrx_word' id='word_1_253' title='bbox 872 2736 912 2796; x_wconf 69' lang='lat' dir='ltr'>dre.</span> <span class='ocrx_word' id='word_1_254' title='bbox 938 2732 973 2782; x_wconf 78' lang='lat' dir='ltr'>At</span> <span class='ocrx_word' id='word_1_255' title='bbox 982 2733 1052 2782; x_wconf 87' lang='lat' dir='ltr'>docti</span> <span class='ocrx_word' id='word_1_256' title='bbox 1061 2735 1121 2782; x_wconf 84' lang='lat' dir='ltr'>viri:</span> <span class='ocrx_word' id='word_1_257' title='bbox 1139 2734 1262 2782; x_wconf 79' lang='lat' dir='ltr'>Pollucere</span> <span class='ocrx_word' id='word_1_258' title='bbox 1271 2735 1349 2783; x_wconf 83' lang='lat' dir='ltr'>Mer·</span> 
     </span>
     <span class='ocr_line' id='line_1_29' title="bbox 246 2803 1348 2872; baseline 0.007 -20"><span class='ocrx_word' id='word_1_259' title='bbox 246 2803 288 2852; x_wconf 89' lang='lat' dir='ltr'>cul</span> <span class='ocrx_word' id='word_1_260' title='bbox 307 2805 372 2864; x_wconf 85' lang='lat' dir='ltr'>neo,</span> <span class='ocrx_word' id='word_1_261' title='bbox 389 2805 496 2864; x_wconf 75' lang='lat' dir='ltr'>Deaere,</span> <span class='ocrx_word' id='word_1_262' title='bbox 509 2805 553 2852; x_wconf 86' lang='lat' dir='ltr'>sed</span> <span class='ocrx_word' id='word_1_263' title='bbox 568 2804 673 2854; x_wconf 87' lang='lat' dir='ltr'>Herculi</span> <span class='ocrx_word' id='word_1_264' title='bbox 693 2805 774 2854; x_wconf 84' lang='lat' dir='ltr'>licere</span> <span class='ocrx_word' id='word_1_265' title='bbox 812 2807 1165 2872; x_wconf 76' lang='lat' dir='ltr'>carioqnaerlioert‚rnrrl,lse.</span> <span class='ocrx_word' id='word_1_266' title='bbox 1198 2808 1287 2858; x_wconf 75' lang='lat' dir='ltr'>erid?</span> <span class='ocrx_word' id='word_1_267' title='bbox 1308 2824 1348 2860; x_wconf 84' lang='lat' dir='ltr'>an</span> 
     </span>
     <span class='ocr_line' id='line_1_30' title="bbox 245 2879 1348 2948; baseline 0.007 -22"><span class='ocrx_word' id='word_1_268' title='bbox 245 2879 332 2927; x_wconf 84' lang='lat' dir='ltr'>omnia</span> <span class='ocrx_word' id='word_1_269' title='bbox 343 2879 475 2928; x_wconf 82' lang='lat' dir='ltr'>esculenta</span> <span class='ocrx_word' id='word_1_270' title='bbox 485 2887 513 2928; x_wconf 92' lang='lat' dir='ltr'>et</span> <span class='ocrx_word' id='word_1_271' title='bbox 526 2881 672 2943; x_wconf 82' lang='lat' dir='ltr'>poculenta.</span> <span class='ocrx_word' id='word_1_272' title='bbox 708 2881 773 2932; x_wconf 87' lang='lat' dir='ltr'>Cato</span> <span class='ocrx_word' id='word_1_273' title='bbox 814 2882 945 2930; x_wconf 83' lang='lat' dir='ltr'>Mercurio</span> <span class='ocrx_word' id='word_1_274' title='bbox 959 2891 1058 2934; x_wconf 84' lang='lat' dir='ltr'>tanturn</span> <span class='ocrx_word' id='word_1_275' title='bbox 1077 2882 1269 2948; x_wconf 87' lang='lat' dir='ltr'>poliucebatur?</span> <span class='ocrx_word' id='word_1_276' title='bbox 1288 2898 1348 2934; x_wconf 91' lang='lat' dir='ltr'>non</span> 
     </span>
     <span class='ocr_line' id='line_1_31' title="bbox 245 2953 1349 3020; baseline 0.002 -14"><span class='ocrx_word' id='word_1_277' title='bbox 245 2953 306 3006; x_wconf 84' lang='lat' dir='ltr'>Jori</span> <span class='ocrx_word' id='word_1_278' title='bbox 325 2955 419 3018; x_wconf 82' lang='lat' dir='ltr'>Dupali</span> <span class='ocrx_word' id='word_1_279' title='bbox 435 2955 526 3018; x_wconf 81' lang='lat' dir='ltr'>dapem</span> <span class='ocrx_word' id='word_1_280' title='bbox 539 2956 664 3019; x_wconf 88' lang='lat' dir='ltr'>poilnccri</span> <span class='ocrx_word' id='word_1_281' title='bbox 676 2957 773 3006; x_wconf 82' lang='lat' dir='ltr'>scribit.</span> <span class='ocrx_word' id='word_1_282' title='bbox 813 2961 840 3004; x_wconf 90' lang='lat' dir='ltr'>et</span> <span class='ocrx_word' id='word_1_283' title='bbox 857 2955 917 3005; x_wconf 81' lang='lat' dir='ltr'>Jori</span> <span class='ocrx_word' id='word_1_284' title='bbox 930 2956 1024 3018; x_wconf 77' lang='lat' dir='ltr'>Depuli</span> <span class='ocrx_word' id='word_1_285' title='bbox 1038 2955 1107 3020; x_wconf 90' lang='lat' dir='ltr'>apud</span> <span class='ocrx_word' id='word_1_286' title='bbox 1126 2957 1269 3006; x_wconf 81' lang='lat' dir='ltr'>catonem?</span> <span class='ocrx_word' id='word_1_287' title='bbox 1288 2972 1349 3008; x_wconf 86' lang='lat' dir='ltr'>nou</span> 
     </span>
     <span class='ocr_line' id='line_1_32' title="bbox 245 3028 1350 3093; baseline 0.004 -15"><span class='ocrx_word' id='word_1_288' title='bbox 245 3028 348 3078; x_wconf 85' lang='lat' dir='ltr'>Cassius</span> <span class='ocrx_word' id='word_1_289' title='bbox 371 3029 480 3078; x_wconf 85' lang='lat' dir='ltr'>Numam</span> <span class='ocrx_word' id='word_1_290' title='bbox 498 3032 666 3093; x_wconf 69' lang='lat' dir='ltr'>prohibuisse,</span> <span class='ocrx_word' id='word_1_291' title='bbox 678 3045 711 3080; x_wconf 90' lang='lat' dir='ltr'>ne</span> <span class='ocrx_word' id='word_1_292' title='bbox 723 3046 771 3081; x_wconf 89' lang='lat' dir='ltr'>non</span> <span class='ocrx_word' id='word_1_293' title='bbox 813 3029 867 3076; x_wconf 80' lang='lat' dir='ltr'>aliis</span> <span class='ocrx_word' id='word_1_294' title='bbox 877 3029 887 3077; x_wconf 78' lang='lat' dir='ltr'>l</span> <span class='ocrx_word' id='word_1_295' title='bbox 897 3030 948 3079; x_wconf 86' lang='lat' dir='ltr'>Sed</span> <span class='ocrx_word' id='word_1_296' title='bbox 960 3030 1234 3086; x_wconf 73' lang='lat' dir='ltr'>‘Polluceremercea&#39;</span> <span class='ocrx_word' id='word_1_297' title='bbox 1242 3032 1292 3080; x_wconf 91' lang='lat' dir='ltr'>boc</span> <span class='ocrx_word' id='word_1_298' title='bbox 1302 3031 1350 3082; x_wconf 80' lang='lat' dir='ltr'>ia·</span> 
     </span>
     <span class='ocr_line' id='line_1_33' title="bbox 244 3105 1349 3170; baseline 0.005 -16"><span class='ocrx_word' id='word_1_299' title='bbox 244 3107 369 3170; x_wconf 86' lang='lat' dir='ltr'>squamosi</span> <span class='ocrx_word' id='word_1_300' title='bbox 382 3107 463 3169; x_wconf 84' lang='lat' dir='ltr'>pisces</span> <span class='ocrx_word' id='word_1_301' title='bbox 476 3107 685 3169; x_wconf 72' lang='lat' dir='ltr'>pollucerrntnr!</span> <span class='ocrx_word' id='word_1_302' title='bbox 716 3107 771 3157; x_wconf 80' lang='lat' dir='ltr'>Nor</span> <span class='ocrx_word' id='word_1_303' title='bbox 812 3105 891 3154; x_wconf 87' lang='lat' dir='ltr'>cessit</span> <span class='ocrx_word' id='word_1_304' title='bbox 902 3107 949 3155; x_wconf 88' lang='lat' dir='ltr'>illis</span> <span class='ocrx_word' id='word_1_305' title='bbox 961 3109 1092 3170; x_wconf 72' lang='lat' dir='ltr'>negotium</span> <span class='ocrx_word' id='word_1_306' title='bbox 1102 3123 1108 3155; x_wconf 86' lang='grc' dir='ltr'>ι</span> <span class='ocrx_word' id='word_1_307' title='bbox 1118 3106 1230 3157; x_wconf 84' lang='lat' dir='ltr'>frustra:</span> <span class='ocrx_word' id='word_1_308' title='bbox 1241 3115 1349 3170; x_wconf 83' lang='lat' dir='ltr'>praeter</span> 
     </span>
     <span class='ocr_line' id='line_1_34' title="bbox 244 3179 1351 3246; baseline 0.003 -16"><span class='ocrx_word' id='word_1_309' title='bbox 244 3181 324 3242; x_wconf 77' lang='lat' dir='ltr'>igitnr</span> <span class='ocrx_word' id='word_1_310' title='bbox 335 3183 370 3228; x_wconf 87' lang='lat' dir='ltr'>ita</span> <span class='ocrx_word' id='word_1_311' title='bbox 378 3181 562 3231; x_wconf 84' lang='lat' dir='ltr'>scriberemus:</span> <span class='ocrx_word' id='word_1_312' title='bbox 572 3184 695 3232; x_wconf 81' lang='lat' dir='ltr'>Pollurerc</span> <span class='ocrx_word' id='word_1_313' title='bbox 705 3183 771 3232; x_wconf 84' lang='lat' dir='ltr'>Mer·</span> <span class='ocrx_word' id='word_1_314' title='bbox 811 3179 874 3227; x_wconf 73' lang='lat' dir='ltr'>ulios</span> <span class='ocrx_word' id='word_1_315' title='bbox 886 3181 991 3230; x_wconf 70' lang='lat' dir='ltr'>rudiunt</span> <span class='ocrx_word' id='word_1_316' title='bbox 1001 3183 1142 3230; x_wconf 77' lang='lat' dir='ltr'>Varronem</span> <span class='ocrx_word' id='word_1_317' title='bbox 1153 3199 1159 3230; x_wconf 90' lang='lat'><strong>:</strong></span> <span class='ocrx_word' id='word_1_318' title='bbox 1177 3181 1264 3231; x_wconf 85' lang='lat' dir='ltr'>‘Hinc</span> <span class='ocrx_word' id='word_1_319' title='bbox 1283 3198 1351 3246; x_wconf 89' lang='lat' dir='ltr'>pro·</span> 
     </span>
     <span class='ocr_line' id='line_1_35' title="bbox 243 3252 1348 3320; baseline 0.005 -20"><span class='ocrx_word' id='word_1_320' title='bbox 243 3255 319 3308; x_wconf 82' lang='lat' dir='ltr'>carin,</span> <span class='ocrx_word' id='word_1_321' title='bbox 338 3269 390 3316; x_wconf 79' lang='lat' dir='ltr'>quo</span> <span class='ocrx_word' id='word_1_322' title='bbox 409 3255 488 3313; x_wconf 84' lang='lat' dir='ltr'>liceol,</span> <span class='ocrx_word' id='word_1_323' title='bbox 505 3256 634 3319; x_wconf 82' lang='lat' dir='ltr'>nrut,sar‚</span> <span class='ocrx_word' id='word_1_324' title='bbox 652 3259 693 3320; x_wconf 64' lang='lat' dir='ltr'>ipe.</span> <span class='ocrx_word' id='word_1_325' title='bbox 710 3259 771 3306; x_wconf 81' lang='lat' dir='ltr'>Aur.</span> <span class='ocrx_word' id='word_1_326' title='bbox 810 3252 933 3309; x_wconf 80' lang='lat' dir='ltr'>sanatum,</span> <span class='ocrx_word' id='word_1_327' title='bbox 945 3255 1011 3319; x_wconf 91' lang='lat' dir='ltr'>qnod</span> <span class='ocrx_word' id='word_1_328' title='bbox 1023 3257 1047 3303; x_wconf 91' lang='lat' dir='ltr'>iu</span> <span class='ocrx_word' id='word_1_329' title='bbox 1057 3258 1170 3304; x_wconf 78' lang='lat' dir='ltr'>sacrario</span> <span class='ocrx_word' id='word_1_330' title='bbox 1179 3255 1348 3318; x_wconf 82' lang='lat' dir='ltr'>polluctum:</span> 
     </span>
     <span class='ocr_line' id='line_1_36' title="bbox 246 3329 1348 3392; baseline 0.004 -14"><span class='ocrx_word' id='word_1_331' title='bbox 246 3329 316 3392; x_wconf 67' lang='lat' dir='ltr'>Aug.</span> <span class='ocrx_word' id='word_1_332' title='bbox 810 3338 890 3391; x_wconf 87' lang='lat' dir='ltr'>atque</span> <span class='ocrx_word' id='word_1_333' title='bbox 899 3330 1007 3379; x_wconf 82' lang='lat' dir='ltr'>Herculi</span> <span class='ocrx_word' id='word_1_334' title='bbox 1016 3329 1195 3380; x_wconf 74' lang='lat' dir='ltr'>decomodare</span> <span class='ocrx_word' id='word_1_335' title='bbox 1204 3331 1236 3378; x_wconf 91' lang='lat' dir='ltr'>ab</span> <span class='ocrx_word' id='word_1_336' title='bbox 1246 3345 1278 3380; x_wconf 88' lang='lat' dir='ltr'>eo</span> <span class='ocrx_word' id='word_1_337' title='bbox 1289 3339 1348 3388; x_wconf 82' lang='lat' dir='ltr'>est,</span> 
     </span>
    </p>

    <p class='ocr_par' dir='ltr' id='par_1_7' title="bbox 240 3404 1349 4219">
     <span class='ocr_line' id='line_1_37' title="bbox 277 3404 1348 3472; baseline 0.002 -19"><span class='ocrx_word' id='word_1_338' title='bbox 277 3404 416 3472; x_wconf 83' lang='lat' dir='ltr'>Pollseere]</span> <span class='ocrx_word' id='word_1_339' title='bbox 431 3407 508 3472; x_wconf 75' lang='lat' dir='ltr'>Regis</span> <span class='ocrx_word' id='word_1_340' title='bbox 518 3407 610 3456; x_wconf 75' lang='lat' dir='ltr'>Numa</span> <span class='ocrx_word' id='word_1_341' title='bbox 623 3408 664 3456; x_wconf 86' lang='lat' dir='ltr'>lex</span> <span class='ocrx_word' id='word_1_342' title='bbox 676 3407 728 3457; x_wconf 82' lang='lat' dir='ltr'>soit</span> <span class='ocrx_word' id='word_1_343' title='bbox 737 3407 770 3458; x_wconf 85' lang='lat' dir='ltr'>de</span> <span class='ocrx_word' id='word_1_344' title='bbox 810 3405 878 3468; x_wconf 88' lang='lat' dir='ltr'>quod</span> <span class='ocrx_word' id='word_1_345' title='bbox 899 3405 1024 3455; x_wconf 80' lang='lat' dir='ltr'>rucrificio</span> <span class='ocrx_word' id='word_1_346' title='bbox 1047 3405 1157 3468; x_wconf 85' lang='lat' dir='ltr'>quodam</span> <span class='ocrx_word' id='word_1_347' title='bbox 1179 3404 1293 3463; x_wconf 82' lang='lat' dir='ltr'>sanatur,</span> <span class='ocrx_word' id='word_1_348' title='bbox 1315 3406 1348 3456; x_wconf 90' lang='lat' dir='ltr'>id</span> 
     </span>
     <span class='ocr_line' id='line_1_38' title="bbox 243 3478 1348 3546; baseline 0.002 -18"><span class='ocrx_word' id='word_1_349' title='bbox 243 3480 367 3544; x_wconf 76' lang='lat' dir='ltr'>polluent,</span> <span class='ocrx_word' id='word_1_350' title='bbox 378 3495 435 3545; x_wconf 77' lang='lat' dir='ltr'>quse</span> <span class='ocrx_word' id='word_1_351' title='bbox 451 3481 573 3532; x_wconf 82' lang='lat' dir='ltr'>videlicet</span> <span class='ocrx_word' id='word_1_352' title='bbox 585 3482 675 3531; x_wconf 88' lang='lat' dir='ltr'>liceret</span> <span class='ocrx_word' id='word_1_353' title='bbox 688 3483 770 3546; x_wconf 91' lang='lat' dir='ltr'>pollu-</span> <span class='ocrx_word' id='word_1_354' title='bbox 810 3487 859 3533; x_wconf 85' lang='lat' dir='ltr'>est,</span> <span class='ocrx_word' id='word_1_355' title='bbox 871 3485 899 3528; x_wconf 84' lang='lat' dir='ltr'>ut</span> <span class='ocrx_word' id='word_1_356' title='bbox 910 3478 963 3528; x_wconf 83' lang='lat' dir='ltr'>faui</span> <span class='ocrx_word' id='word_1_357' title='bbox 975 3481 1030 3542; x_wconf 72' lang='lat' dir='ltr'>lege</span> <span class='ocrx_word' id='word_1_358' title='bbox 1048 3481 1092 3538; x_wconf 87' lang='lat' dir='ltr'>sit,</span> <span class='ocrx_word' id='word_1_359' title='bbox 1106 3480 1130 3527; x_wconf 91' lang='lat' dir='ltr'>id</span> <span class='ocrx_word' id='word_1_360' title='bbox 1139 3479 1242 3528; x_wconf 86' lang='lat' dir='ltr'>dicitnr.</span> <span class='ocrx_word' id='word_1_361' title='bbox 1277 3479 1348 3530; x_wconf 84' lang='lat' dir='ltr'>Pol·</span> 
     </span>
     <span class='ocr_line' id='line_1_39' title="bbox 243 3552 1348 3620; baseline 0.003 -18"><span class='ocrx_word' id='word_1_362' title='bbox 243 3557 305 3616; x_wconf 84' lang='lat' dir='ltr'>ceri,</span> <span class='ocrx_word' id='word_1_363' title='bbox 323 3571 381 3620; x_wconf 73' lang='lat' dir='ltr'>qne</span> <span class='ocrx_word' id='word_1_364' title='bbox 400 3571 450 3606; x_wconf 93' lang='lat' dir='ltr'>non</span> <span class='ocrx_word' id='word_1_365' title='bbox 463 3556 564 3606; x_wconf 88' lang='lat' dir='ltr'>liceret.</span> <span class='ocrx_word' id='word_1_366' title='bbox 597 3558 637 3606; x_wconf 84' lang='lat' dir='ltr'>Ile</span> <span class='ocrx_word' id='word_1_367' title='bbox 650 3557 772 3619; x_wconf 83' lang='lat' dir='ltr'>piscibus,</span> <span class='ocrx_word' id='word_1_368' title='bbox 810 3552 1001 3618; x_wconf 86' lang='lat' dir='ltr'>luctum‚qnod</span> <span class='ocrx_word' id='word_1_369' title='bbox 1019 3567 1035 3601; x_wconf 90' lang='lat' dir='ltr'>a</span> <span class='ocrx_word' id='word_1_370' title='bbox 1054 3553 1218 3616; x_wconf 83' lang='lat' dir='ltr'>porricieodo</span> <span class='ocrx_word' id='word_1_371' title='bbox 1236 3553 1276 3602; x_wconf 69' lang='lat' dir='ltr'>erl</span> <span class='ocrx_word' id='word_1_372' title='bbox 1294 3553 1348 3605; x_wconf 89' lang='lat' dir='ltr'>fic·</span> 
     </span>
     <span class='ocr_line' id='line_1_40' title="bbox 241 3628 1349 3696; baseline -0.001 -16"><span class='ocrx_word' id='word_1_373' title='bbox 241 3629 286 3694; x_wconf 83' lang='lat' dir='ltr'>qui</span> <span class='ocrx_word' id='word_1_374' title='bbox 298 3631 425 3696; x_wconf 71' lang='lat' dir='ltr'>squamati</span> <span class='ocrx_word' id='word_1_375' title='bbox 437 3639 535 3692; x_wconf 84' lang='lat' dir='ltr'>esseut,</span> <span class='ocrx_word' id='word_1_376' title='bbox 551 3645 651 3694; x_wconf 74' lang='lat' dir='ltr'>omues,</span> <span class='ocrx_word' id='word_1_377' title='bbox 672 3641 770 3693; x_wconf 80' lang='lat' dir='ltr'>praeter</span> <span class='ocrx_word' id='word_1_378' title='bbox 811 3635 874 3676; x_wconf 85' lang='lat' dir='ltr'>tum.</span> <span class='ocrx_word' id='word_1_379' title='bbox 909 3629 973 3679; x_wconf 82' lang='lat' dir='ltr'>eom</span> <span class='ocrx_word' id='word_1_380' title='bbox 995 3629 1062 3676; x_wconf 83' lang='lat' dir='ltr'>enim</span> <span class='ocrx_word' id='word_1_381' title='bbox 1079 3643 1112 3676; x_wconf 84' lang='lat' dir='ltr'>cx</span> <span class='ocrx_word' id='word_1_382' title='bbox 1128 3628 1254 3676; x_wconf 72' lang='lat' dir='ltr'>mercibus</span> <span class='ocrx_word' id='word_1_383' title='bbox 1272 3629 1349 3679; x_wconf 81' lang='lat' dir='ltr'>liba·</span> 
     </span>
     <span class='ocr_line' id='line_1_41' title="bbox 240 3701 1347 3770; baseline -0.001 -17"><span class='ocrx_word' id='word_1_384' title='bbox 240 3718 361 3756; x_wconf 82' lang='lat' dir='ltr'>scarum:</span> <span class='ocrx_word' id='word_1_385' title='bbox 390 3706 466 3770; x_wconf 86' lang='lat' dir='ltr'>idque</span> <span class='ocrx_word' id='word_1_386' title='bbox 494 3713 602 3770; x_wconf 87' lang='lat' dir='ltr'>propter</span> <span class='ocrx_word' id='word_1_387' title='bbox 629 3707 770 3756; x_wconf 76' lang='lat' dir='ltr'>raritatem.</span> <span class='ocrx_word' id='word_1_388' title='bbox 809 3710 896 3749; x_wconf 86' lang='lat' dir='ltr'>menta</span> <span class='ocrx_word' id='word_1_389' title='bbox 909 3709 1099 3764; x_wconf 79' lang='lat' dir='ltr'>porrectarum</span> <span class='ocrx_word' id='word_1_390' title='bbox 1115 3701 1222 3752; x_wconf 86' lang='lat' dir='ltr'>Herculi</span> <span class='ocrx_word' id='word_1_391' title='bbox 1241 3703 1265 3749; x_wconf 88' lang='lat' dir='ltr'>in</span> <span class='ocrx_word' id='word_1_392' title='bbox 1284 3715 1347 3761; x_wconf 84' lang='lat' dir='ltr'>ara,</span> 
     </span>
     <span class='ocr_line' id='line_1_42' title="bbox 242 3779 1348 3844; baseline 0.004 -15"><span class='ocrx_word' id='word_1_393' title='bbox 242 3779 399 3830; x_wconf 68' lang='lat' dir='ltr'>karissimus</span> <span class='ocrx_word' id='word_1_394' title='bbox 411 3782 477 3830; x_wconf 85' lang='lat' dir='ltr'>cuim</span> <span class='ocrx_word' id='word_1_395' title='bbox 494 3782 519 3829; x_wconf 91' lang='lat' dir='ltr'>in</span> <span class='ocrx_word' id='word_1_396' title='bbox 541 3781 663 3830; x_wconf 72' lang='lat' dir='ltr'>Laurenti</span> <span class='ocrx_word' id='word_1_397' title='bbox 674 3781 769 3842; x_wconf 85' lang='lat' dir='ltr'>littore,</span> <span class='ocrx_word' id='word_1_398' title='bbox 810 3787 863 3828; x_wconf 87' lang='lat' dir='ltr'>trnn</span> <span class='ocrx_word' id='word_1_399' title='bbox 887 3779 1025 3842; x_wconf 86' lang='lat' dir='ltr'>polluctum</span> <span class='ocrx_word' id='word_1_400' title='bbox 1049 3789 1098 3836; x_wconf 86' lang='lat' dir='ltr'>est,</span> <span class='ocrx_word' id='word_1_401' title='bbox 1116 3787 1153 3837; x_wconf 89' lang='lat' dir='ltr'>nt,</span> <span class='ocrx_word' id='word_1_402' title='bbox 1170 3795 1227 3830; x_wconf 86' lang='lat' dir='ltr'>cnm</span> <span class='ocrx_word' id='word_1_403' title='bbox 1247 3781 1348 3844; x_wconf 83' lang='lat' dir='ltr'>profa-</span> 
     </span>
     <span class='ocr_line' id='line_1_43' title="bbox 243 3854 1349 3921; baseline 0.006 -18"><span class='ocrx_word' id='word_1_404' title='bbox 243 3863 322 3920; x_wconf 82' lang='lat' dir='ltr'>atque</span> <span class='ocrx_word' id='word_1_405' title='bbox 342 3856 407 3906; x_wconf 85' lang='lat' dir='ltr'>adeo</span> <span class='ocrx_word' id='word_1_406' title='bbox 424 3857 449 3904; x_wconf 89' lang='lat' dir='ltr'>lu</span> <span class='ocrx_word' id='word_1_407' title='bbox 470 3871 513 3905; x_wconf 87' lang='lat' dir='ltr'>ora</span> <span class='ocrx_word' id='word_1_408' title='bbox 534 3856 692 3921; x_wconf 78' lang='lat' dir='ltr'>Tyrrhenica</span> <span class='ocrx_word' id='word_1_409' title='bbox 713 3863 769 3906; x_wconf 82' lang='lat' dir='ltr'>erat</span> <span class='ocrx_word' id='word_1_410' title='bbox 809 3869 869 3904; x_wconf 90' lang='grc' dir='ltr'>ιιιιιιι</span> <span class='ocrx_word' id='word_1_411' title='bbox 886 3855 989 3918; x_wconf 87' lang='lat' dir='ltr'>dicitnr,</span> <span class='ocrx_word' id='word_1_412' title='bbox 1006 3855 1031 3903; x_wconf 92' lang='lat' dir='ltr'>id</span> <span class='ocrx_word' id='word_1_413' title='bbox 1052 3864 1099 3912; x_wconf 85' lang='lat' dir='ltr'>ert,</span> <span class='ocrx_word' id='word_1_414' title='bbox 1117 3854 1234 3920; x_wconf 85' lang='lat' dir='ltr'>proinde,</span> <span class='ocrx_word' id='word_1_415' title='bbox 1253 3865 1283 3906; x_wconf 87' lang='lat' dir='ltr'>nt</span> <span class='ocrx_word' id='word_1_416' title='bbox 1305 3860 1349 3910; x_wconf 87' lang='lat' dir='ltr'>sit</span> 
     </span>
     <span class='ocr_line' id='line_1_44' title="bbox 243 3927 1348 3995; baseline 0.002 -16"><span class='ocrx_word' id='word_1_417' title='bbox 243 3931 321 3994; x_wconf 89' lang='lat' dir='ltr'>piscis</span> <span class='ocrx_word' id='word_1_418' title='bbox 343 3932 408 3994; x_wconf 89' lang='lat' dir='ltr'>ipse,</span> <span class='ocrx_word' id='word_1_419' title='bbox 430 3931 524 3994; x_wconf 83' lang='lat' dir='ltr'>quique</span> <span class='ocrx_word' id='word_1_420' title='bbox 541 3947 597 3982; x_wconf 83' lang='lat' dir='ltr'>eum</span> <span class='ocrx_word' id='word_1_421' title='bbox 620 3931 767 3995; x_wconf 79' lang='lat' dir='ltr'>capiebant,</span> <span class='ocrx_word' id='word_1_422' title='bbox 808 3927 861 3978; x_wconf 83' lang='lat' dir='ltr'>fani</span> <span class='ocrx_word' id='word_1_423' title='bbox 884 3928 999 3979; x_wconf 61' lang='lat' dir='ltr'>luctum!</span> <span class='ocrx_word' id='word_1_424' title='bbox 1031 3930 1098 3979; x_wconf 80' lang='lat' dir='ltr'>Haec</span> <span class='ocrx_word' id='word_1_425' title='bbox 1119 3930 1210 3980; x_wconf 81' lang='lat' dir='ltr'>Varro.</span> <span class='ocrx_word' id='word_1_426' title='bbox 1230 3930 1348 3981; x_wconf 84' lang='lat' dir='ltr'>‘Pollu-</span> 
     </span>
     <span class='ocr_line' id='line_1_45' title="bbox 243 4005 1347 4070; baseline 0.002 -16"><span class='ocrx_word' id='word_1_427' title='bbox 243 4005 270 4054; x_wconf 88' lang='lat' dir='ltr'>io</span> <span class='ocrx_word' id='word_1_428' title='bbox 292 4020 363 4055; x_wconf 84' lang='lat' dir='ltr'>usare</span> <span class='ocrx_word' id='word_1_429' title='bbox 384 4007 557 4056; x_wconf 81' lang='lat' dir='ltr'>dimittebant.</span> <span class='ocrx_word' id='word_1_430' title='bbox 602 4008 660 4058; x_wconf 89' lang='lat' dir='ltr'>Non</span> <span class='ocrx_word' id='word_1_431' title='bbox 686 4008 767 4070; x_wconf 79' lang='lat' dir='ltr'>igitur</span> <span class='ocrx_word' id='word_1_432' title='bbox 807 4005 1347 4064; x_wconf 84' lang='lat' dir='ltr'>ceremerees’dicebantorrncrcatores,</span> 
     </span>
     <span class='ocr_line' id='line_1_46' title="bbox 243 4079 1348 4144; baseline 0.004 -18"><span class='ocrx_word' id='word_1_433' title='bbox 243 4090 291 4140; x_wconf 87' lang='lat' dir='ltr'>per</span> <span class='ocrx_word' id='word_1_434' title='bbox 323 4079 452 4143; x_wconf 76' lang='lat' dir='ltr'>religionis</span> <span class='ocrx_word' id='word_1_435' title='bbox 478 4093 579 4130; x_wconf 85' lang='lat' dir='ltr'>cansam</span> <span class='ocrx_word' id='word_1_436' title='bbox 607 4082 656 4131; x_wconf 89' lang='lat' dir='ltr'>boc</span> <span class='ocrx_word' id='word_1_437' title='bbox 683 4081 767 4130; x_wconf 86' lang='lat' dir='ltr'>sanci·</span> <span class='ocrx_word' id='word_1_438' title='bbox 807 4081 909 4144; x_wconf 82' lang='lat' dir='ltr'>quondo</span> <span class='ocrx_word' id='word_1_439' title='bbox 922 4081 954 4130; x_wconf 92' lang='lat' dir='ltr'>de</span> <span class='ocrx_word' id='word_1_440' title='bbox 965 4082 1090 4130; x_wconf 88' lang='lat' dir='ltr'>mercibus</span> <span class='ocrx_word' id='word_1_441' title='bbox 1105 4080 1214 4143; x_wconf 70' lang='grc' dir='ltr'>ἀπαρχὰς</span> <span class='ocrx_word' id='word_1_442' title='bbox 1229 4087 1256 4129; x_wconf 82' lang='lat' dir='ltr'>ct</span> <span class='ocrx_word' id='word_1_443' title='bbox 1274 4082 1348 4132; x_wconf 87' lang='lat' dir='ltr'>liba.</span> 
     </span>
     <span class='ocr_line' id='line_1_47' title="bbox 243 4155 1275 4219; baseline 0.005 -19"><span class='ocrx_word' id='word_1_444' title='bbox 243 4159 297 4202; x_wconf 85' lang='lat' dir='ltr'>tom</span> <span class='ocrx_word' id='word_1_445' title='bbox 315 4163 362 4210; x_wconf 73' lang='lat' dir='ltr'>aar,</span> <span class='ocrx_word' id='word_1_446' title='bbox 374 4155 429 4216; x_wconf 84' lang='lat' dir='ltr'>sed,</span> <span class='ocrx_word' id='word_1_447' title='bbox 442 4163 469 4205; x_wconf 89' lang='lat' dir='ltr'>nt</span> <span class='ocrx_word' id='word_1_448' title='bbox 482 4157 636 4219; x_wconf 84' lang='lat' dir='ltr'>parsimonie</span> <span class='ocrx_word' id='word_1_449' title='bbox 652 4157 769 4208; x_wconf 79' lang='lat' dir='ltr'>convivia</span> <span class='ocrx_word' id='word_1_450' title='bbox 809 4163 894 4205; x_wconf 80' lang='lat' dir='ltr'>menta</span> <span class='ocrx_word' id='word_1_451' title='bbox 908 4156 965 4206; x_wconf 88' lang='lat' dir='ltr'>Diis</span> <span class='ocrx_word' id='word_1_452' title='bbox 978 4155 1131 4206; x_wconf 78' lang='lat' dir='ltr'>offerebant.</span> <span class='ocrx_word' id='word_1_453' title='bbox 1147 4159 1198 4206; x_wconf 81' lang='lat' dir='ltr'>Jos.</span> <span class='ocrx_word' id='word_1_454' title='bbox 1210 4156 1275 4206; x_wconf 83' lang='lat' dir='ltr'>Scol.</span> 
     </span>
    </p>
   </div>
   <div class='ocr_carea' id='block_1_5' title="bbox 0 0 1438 4838">
    <p class='ocr_par' dir='ltr' id='par_1_8' title="bbox 0 0 1438 4838">
     <span class='ocr_line' id='line_1_48' title="bbox 0 0 1438 4838; baseline 0 0"><span class='ocrx_word' id='word_1_455' title='bbox 0 0 1438 4838; x_wconf 95' lang='lat' dir='ltr'> </span> 
     </span>
    </p>
   </div>
  </div>
 </body>
</html>
