2930 4870
482 360 487 372 ⁸
521 401 793 452 concussioni.
1116 387 1200 456 lust

112 541 257 627 quiddam
275 543 495 624 provenientis
510 549 573 620 est,
589 545 756 624 Occasus,
771 545 921 609 interitus
932 545 986 610 vel
1004 547 1108 625 Solis,
1122 565 1201 614 cum

113 643 239 712 decidit
254 659 274 708 tr
289 643 419 726 superis
433 643 516 708 iufra
530 651 642 720 terras,
657 665 726 728 quo
740 645 910 710 vocabulo
927 647 1051 712 Ennius
1066 667 1126 732 pro
1142 667 1201 712 oc-

112 747 248 810 casione
262 753 316 808 est
330 763 410 809 usus
425 747 458 808 in
474 746 531 810 lib.
549 763 587 808 ιι.
613 747 683 810 Hic
698 765 843 812 occasus
857 747 956 812 datus
978 758 1043 826 ost,
1066 759 1102 814 at
1117 750 1201 816 Ora·

114 848 181 916 tius
207 847 353 912 inclutus
378 848 485 911 saltur
516 847 597 912 item
621 849 655 912 iu
670 849 709 911 L.
727 865 761 913 v.
797 849 898 914 Inicit
917 850 1075 927 irritatus,
1101 857 1200 930 tenet,

111 967 257 1016 occasus
272 948 369 1030 jurat
383 968 446 1014 ros.
480 949 567 1013 Item
581 950 614 1012 in
631 950 671 1014 L.
686 967 768 1015 vm.
793 951 865 1016 Aut
878 969 1019 1016 occasus
1030 953 1101 1029 ubi,
1117 958 1202 1017 tom-

112 1069 221 1132 pusvo
237 1050 360 1114 audere
375 1052 548 1134 repressit.
593 1050 754 1116 Occisum
771 1059 923 1118 auocato
946 1053 1104 1136 distingui
1127 1055 1201 1138 qni·

111 1150 201 1228 dam,
216 1153 307 1235 quod
323 1152 464 1216 alterum
481 1173 503 1217 a
517 1153 691 1230 caedendo,
713 1160 781 1238 atq.
795 1154 862 1218 ictu
885 1155 954 1219 fieri
976 1155 1101 1232 dicunt,
1117 1156 1201 1221 alts-

111 1254 265 1316 rumsiuc
275 1255 339 1318 ictu
352 1272 359 1315 ε
370 1253 453 1336 itaq.
464 1254 498 1316 ὴ]
510 1254 632 1318 Numae
642 1255 787 1338 Pompili
797 1259 884 1338 regis
893 1257 1026 1338 legibus
1036 1258 1199 1339 scriptum

108 1359 180 1418 est:
195 1354 234 1418 Si
249 1354 413 1418 hominem
428 1355 619 1420 fulminib.¹⁸
635 1357 765 1432 occisit,
780 1377 822 1421 no
837 1377 943 1440 supra
957 1377 1063 1439 genua
1079 1357 1200 1422 tollito.

110 1455 156 1520 Et
168 1456 270 1520 alibi:
295 1455 410 1520 Homo
427 1457 457 1520 si
472 1457 607 1522 fulmine
622 1460 755 1522 occisus
778 1466 842 1536 ost,
864 1461 895 1523 ci
913 1461 1006 1542 justa
1019 1459 1114 1524 nulla
1130 1459 1199 1523 lieri
1241 1445 1252 1456 ⁸

107 1563 248 1638 oportet.
292 1555 441 1622 October
454 1579 562 1643 equus
577 1561 779 1642 appellatur,
802 1562 861 1645 qui
884 1562 917 1624 iu
933 1579 1057 1643 campo
1073 1559 1198 1626 Martio

108 1679 221 1724 meuse
235 1658 311 1725 Oct.
326 1660 518 1725 immoletur
532 1661 622 1744 quod
639 1664 734 1726 annis
751 1667 775 1714 ¹⁹
791 1662 904 1741 Marti,
921 1663 1072 1744 bigarum
1087 1664 1201 1728 victri-

106 1779 186 1824 cum
201 1761 385 1827 dexterior:
410 1761 452 1826 do
469 1762 567 1846 cujus
582 1764 701 1845 capito.
711 1783 776 1826 oon
793 1763 876 1830 lovis
892 1768 1056 1829 contentio
1071 1766 1199 1830 solebat

106 1882 185 1926 esse
206 1864 288 1926 iuter
312 1862 574 1942 Suburanonses,
598 1873 634 1929 ot
655 1866 903 1944 Sacrovienses,
928 1873 964 1931 ut
979 1867 1011 1930 hl
1027 1870 1062 1932 in
1077 1869 1199 1947 regim·

105 1965 245 2048 pariete,
267 1965 316 2028 illi
337 1965 382 2030 ad
411 1967 524 2030 turrim
552 1967 739 2031 Mamiliam
763 1967 797 2031 id
824 1967 979 2049 figereotr
1011 1968 1196 2050 ejusdcmq.

104 2064 195 2129 coda
207 2073 302 2130 tauta
315 2067 484 2135 celeritate
499 2069 663 2151 perfertur
679 2069 711 2131 in
726 2070 861 2150 regium,
878 2075 914 2134 ut
936 2089 979 2133 ex
1002 2089 1043 2134 ea
1063 2071 1197 2151 sanguis

104 2165 258 2230 destillet
271 2169 305 2232 in
320 2167 442 2245 locum,
459 2169 703 2252 participandae
726 2171 775 2233 rei
795 2170 916 2236 divinae
940 2171 1072 2253 gratie:
1096 2189 1212 2254 quem.

101 2268 228 2334 hostire
243 2271 318 2337 loco
340 2271 476 2356 quidem
498 2271 601 2336 Morti
622 2271 745 2336 bellico
762 2271 836 2335 Deo
851 2273 975 2336 sacrari
992 2271 1117 2348 dicunt,
1133 2290 1197 2335 uon

102 2377 143 2434 ut
160 2371 280 2453 uulgus
303 2383 412 2456 putat,
428 2375 508 2458 quia
519 2376 614 2438 volut
625 2375 830 2460 supplicium
843 2374 884 2438 de
898 2375 965 2458 [29]
980 2393 1020 2439 oo
1036 2377 1196 2450 sumatur,

99 2473 197 2556 quod
209 2473 354 2540 Romani
374 2476 437 2540 llic
450 2477 679 2555 suntorirmdi,
690 2484 724 2541 ct
736 2477 873 2560 Trojani
889 2479 938 2541 ita
953 2477 1058 2558 effigio
1074 2477 1105 2540 in
1120 2476 1197 2558 oqui

97 2576 176 2640 sint
189 2577 291 2657 capti.
337 2577 457 2642 Multis
477 2586 587 2644 autem
607 2581 758 2662 gentibus
784 2599 906 2664 equum
932 2577 1114 2643 hostiarium
1137 2599 1197 2643 nu·

95 2697 200 2742 mero
216 2678 331 2742 haberi
354 2681 546 2743 testimonio
567 2687 642 2744 suot
663 2681 924 2756 Lacedaemonii,
947 2681 1005 2764 qui
1027 2680 1061 2744 iu
1083 2685 1194 2745 moute

94 2781 258 2862 Taygeto
272 2800 393 2862 equum
415 2783 521 2846 ventis
543 2781 728 2859 immolant,
752 2782 911 2864 ibidemq.
929 2779 1074 2854 adolent,
1089 2789 1126 2844 ut
1141 2801 1196 2845 eo-

93 2903 177 2946 rurn
192 2881 274 2946 lietu
289 2883 375 2946 ciuis
390 2883 463 2966 ejus
477 2903 535 2966 per
552 2883 630 2948 finis
652 2903 751 2968 quam
774 2884 939 2946 latissime
954 2881 1139 2946 differatur:
1160 2886 1195 2945 et

90 2984 294 3058 Sallentini,
310 2984 400 3067 apud
411 3002 497 3067 quos
514 2984 689 3048 Menzanae
705 2984 785 3046 vai
807 2983 940 3047 dicatus
962 2983 1059 3045 vivos
1071 2981 1195 3044 ¹.cooi·

88 3089 192 3151 citur
217 3086 396 3168 inignem:
416 3093 451 3149 et
465 3085 588 3161 Rhodi,
603 3085 660 3166 qui
676 3083 766 3167 quod
788 3083 910 3148 anuis*
933 3083 1115 3166 quadrigas
1130 3082 1194 3147 soli

85 3195 322 3254 consecratas
337 3188 370 3252 in
386 3203 475 3250 more
496 3187 635 3270 jaciunt,
657 3186 749 3267 quod
771 3187 801 3249 is
823 3185 882 3250 teli
904 3183 1071 3248 curriculo
1091 3182 1194 3248 sertor

83 3287 305 3354 circumvehi
322 3287 489 3351 muudum.
514 3286 719 3352 Occidomus
735 3285 881 3350 Plautus
897 3286 994 3368 ponit
1005 3304 1065 3368 pro
1082 3293 1195 3350 contra

79 3391 285 3457 cedamus:
319 3389 566 3473 complurimos
589 3389 664 3453 alim
687 3388 944 3471 praepositiones
962 3387 1193 3452 familiariores

77 3494 178 3558 linio
196 3493 297 3556 verbo
311 3493 387 3556 sint.
433 3491 671 3556 Occentassiut
685 3489 811 3572 antiqui
824 3489 990 3567 dicebant,
1001 3491 1088 3572 quod
1104 3507 1191 3556 nuuc

113 3848 156 3896 18
181 3839 402 3900 thinius-ts
418 3837 436 3890 l'.
447 3839 625 3904 quatrio-1
642 3837 794 3890 isim-r
811 3834 830 3890 f.
840 3834 972 3900 quotannis.

593 4053 699 4106 ttow

105 4203 119 4227 ¹
144 4185 262 4248 ΠΨ]
296 4180 627 4232 vuantonettonem
666 4161 1145 4244 Srorr‚’inquit,‘riarrtre‘gir,’&e,

60 4265 177 4336 probi.
205 4266 234 4308 et
247 4257 372 4306 Arrenius
390 4271 437 4320 pro
454 4257 560 4306 Milone.
580 4255 627 4305 ‘ln
