2908 4870
261 363 327 430 894
596 379 710 430 snxm
737 379 891 428 uoueser
917 377 1023 428 ursrr

304 523 419 600 idest,
442 523 629 602 voluntate,
653 523 869 608 promittatur.
891 523 1011 588 deinde
1036 523 1174 602 oblitus,
1207 522 1355 590 interiore

305 627 419 708 cupito
436 643 597 709 sponsum
610 631 642 690 et
656 645 812 708 sponsam
827 645 869 690 ex
887 625 1009 690 Graeco
1030 625 1169 703 dietam,
1189 627 1251 702 uit,
1270 624 1355 708 quod

302 727 329 789 ii
351 727 470 800 σπονδὰς
499 727 705 810 interpositis
727 726 826 791 rebus
851 727 972 790 divinis
1002 727 1140 792 sociant.
1186 727 1354 812 Spondere

303 837 399 894 antea
422 829 609 913 ponebatur
628 848 689 912 pro
714 829 837 907 dicere,
861 829 1002 896 undeet
1025 829 1228 915 respondere
1251 829 1355 896 adhuc

301 941 416 1009 marcet,
430 929 593 1016 redposteu
605 932 757 1015 usurpari
768 939 921 1016 coeptum
938 939 990 998 est
1000 931 1094 997 eriam
1106 932 1139 996 εἰσ
1150 932 1352 1018 promissione

302 1033 452 1100 alterius.

258 1136 432 1219 Spondere
447 1136 632 1220 ponebatur
645 1153 706 1220 pro
722 1136 842 1212 dicere,
859 1135 948 1200 unde
963 1141 997 1201 et
1007 1136 1205 1220 respondere
1218 1137 1351 1222 [Peon.

300 1237 408 1304 adhue
430 1244 558 1320 monet3
580 1238 638 1304 sed
653 1243 770 1322 posteo
799 1239 951 1321 usurpari
976 1246 1125 1323 coepturu
1146 1247 1201 1304 ost
1223 1240 1257 1304 iu
1279 1258 1353 1323 pro·

300 1359 416 1404 musso.

258 1443 400 1526 Sponsis
423 1443 545 1519 beno,¹¹
570 1443 718 1526 Musque
746 1440 921 1520 volueris,⁰
943 1443 976 1507 iu
1002 1443 1195 1525 precatione
1222 1440 1349 1525 [Fusr.

258 1605 261 1612 .
299 1545 460 1628 augurali,
476 1543 630 1610 Messala
645 1563 750 1628 augur
764 1545 811 1610 nit
838 1545 1026 1627 significare
1048 1545 1282 1630 spoponderis,
1296 1563 1350 1608 vo·

298 1647 412 1712 lucris.

255 1749 421 1832 Spurcum
455 1748 590 1812 viuum?
629 1748 793 1827 dicebaut,
817 1769 893 1814 oum
917 1769 1005 1832 uquo
1030 1748 1195 1826 admixtu,
1212 1748 1348 1833 [Pron.

255 1911 259 1920 .
297 1858 355 1917 aut
368 1851 446 1934 igue
459 1858 585 1916 tectum
600 1857 683 1929 erut,
697 1863 888 1916 mustumve
902 1859 1082 1934 antequam
1094 1851 1320 1915 defervescat.

253 1952 421 2037 Spurcum
436 1953 551 2016 vinum
572 1957 636 2029 est,
659 1950 751 2036 qnod
771 1952 879 2018 saeris
900 1952 1049 2017 adhiberi
1077 1972 1140 2016 nou
1161 1953 1203 2016 li·
1225 1951 1349 2034 [Fuso.

297 2060 363 2132 cet,
388 2061 425 2119 ut
449 2055 498 2119 uit
522 2054 639 2118 Labeo
665 2053 834 2119 Antistius
859 2053 944 2117 libro
968 2053 1097 2118 decimo
1121 2054 1349 2118 commentarii

292 2154 379 2238 juris
403 2155 579 2239 pontificii,
599 2155 653 2219 cui
675 2173 766 2238 uque
791 2154 945 2218 admixtu
965 2162 1027 2231 est,
1049 2155 1269 2233 defrutumve,
1292 2162 1350 2219 out

295 2259 369 2342 igne
383 2265 511 2324 tectum
524 2263 585 2336 cst,
599 2261 788 2322 mustumve
803 2263 892 2333 oute,
907 2276 1011 2339 quum
1026 2257 1246 2322 defervescat.

253 2360 453 2443 Squalidum
469 2359 638 2436 incultum,
653 2365 689 2422 et
710 2357 896 2435 sordidum·
908 2359 998 2442 quod
1013 2359 1166 2443 proximo
1212 2359 1348 2441 [Peon.

295 2461 543 2525 similitudinem
557 2461 682 2524 hubent
697 2479 849 2543 squameo
863 2460 1018 2544 piscium,
1034 2461 1084 2525 sic
1100 2461 1319 2544 appellatum.

253 2559 441 2647 Squalidum
454 2569 467 2608 ‘¹
481 2560 642 2627 incultum
658 2569 691 2628 et
717 2559 883 2626 sordidum
906 2561 952 2626 ait
971 2557 1100 2628 Verrius
1122 2563 1185 2647 sig·
1222 2562 1348 2645 [Fsss't'.

699 2739 879 2764 uoueneen

282 2844 310 2889 tt
329 2829 392 2889 Vct.
403 2839 463 2890 cod.
474 2841 542 2890 Beue
550 2841 650 2905 operris.
684 2841 753 2892 Vide
764 2842 813 2892 ini.

740 3005 846 3056 NO‘l'AE

245 3125 350 3181 sponte.
365 3133 424 3168 nem
440 3117 465 3167 id
478 3117 567 3168 velet!
599 3118 652 3169 Sed
672 3117 776 3168 omniuo
815 3117 922 3169 irrlruiue
934 3125 1023 3182 tectu,
1035 3131 1164 3182 quumque
1171 3117 1250 3180 juxta
1264 3117 1350 3166 honri·

245 3197 346 3256 spondeo
359 3210 373 3243 u
384 3195 478 3245 Greco
489 3193 590 3257 noo,
599 3196 660 3250 libo,
668 3195 736 3258 quod
748 3194 775 3244 in
816 3195 855 3244 uio
867 3209 934 3244 more
946 3195 1037 3258 laqueo
1058 3193 1225 3256 pependerit,
1235 3200 1280 3243 eut
1292 3194 1352 3242 vnl-

245 3267 389 3318 t‘oederibne
406 3269 526 3318 liberent.
561 3270 654 3319 Portos
666 3268 775 3330 suctum,
816 3269 913 3320 uereri·
926 3269 1034 3333 pedibus
1050 3270 1163 3332 colente,
1175 3277 1203 3318 et
1215 3269 1283 3333 qnod
1297 3269 1351 3318 eir-

245 3345 330 3409 utqui
342 3351 370 3395 et
386 3345 442 3396 eine
459 3344 582 3395 libatione
598 3345 774 3408 promitteret,
814 3345 934 3396 concisio
944 3343 1228 3407 vineceirproduxerir‚
1246 3351 1294 3392 ent
1306 3359 1351 3393 eu·

244 3420 357 3480 spondere
367 3419 509 3478 diceretur,
517 3429 545 3468 et
556 3421 600 3484 qul
610 3419 774 3484 repromitte·
815 3435 895 3484 perne
907 3420 1016 3470 deciduo
1027 3419 1199 3468 immundiore
1215 3420 1290 3481 lopun
1304 3421 1354 3468 eli-

244 3501 296 3551 ret,
304 3497 452 3556 comedere.
469 3496 552 3546 Idem.
813 3510 864 3559 qno
884 3495 992 3559 polluto,
1013 3495 1075 3543 itero
1095 3493 1207 3550 once,
1225 3495 1353 3558 quonlam

277 3575 289 3600 ⁰
306 3567 407 3629 Speculo
416 3569 708 3634 embammatum]
725 3571 775 3621 Le·
814 3585 907 3635 equom
919 3568 1017 3620 heber!
1041 3569 1201 3620 Etieidorou
1212 3571 1290 3632 Orig-
1303 3570 1355 3621 lib.

244 3642 285 3706 git
305 3643 403 3707 Scelig.
421 3645 521 3707 Sponrin
537 3647 603 3706 teu.
617 3649 717 3711 imque
735 3662 774 3697 oo·
816 3660 847 3696 ιι.
858 3660 882 3694 c.
894 3650 919 3696 t.
937 3646 1084 3708 ‘Spurcum
1096 3643 1211 3710 (viuum)
1224 3645 1299 3710 quod
1313 3646 1357 3696 oi·

244 3719 310 3779 loris,
319 3719 360 3768 rel
372 3719 537 3782 decerpentis,
548 3722 603 3772 lene
613 3723 707 3772 poterin
728 3722 773 3772 Vo·
814 3720 876 3771 terri
889 3735 939 3770 nou
951 3721 1023 3783 licet,
1035 3728 1081 3771 ont
1097 3721 1139 3769 ont
1150 3734 1217 3785 oqrrn
1228 3719 1357 3772 admixtu

243 3795 308 3856 teris,
314 3807 362 3860 pro
371 3796 480 3852 ortlucrir¹
486 3798 586 3860 φησί’,
594 3811 640 3861 pro
647 3799 773 3860 spoponde-
814 3804 865 3861 err,
876 3796 949 3861 queri
965 3794 1101 3860 spurium!
1134 3797 1187 3845 Sed
1200 3797 1233 3845 de
1243 3797 1358 3860 origine

243 3871 456 3936 desponsaverit.
473 3873 554 3923 idern.
813 3871 894 3922 intuor
911 3880 952 3922 eet
972 3871 1105 3921 Isidorus:
1123 3885 1182 3921 uem
1196 3887 1325 3935 spurcum,
1341 3889 1360 3924 ι

276 3953 289 3988 Ρ
314 3947 431 4012 Spurcum
449 3949 541 4012 uirum]
558 3950 598 4000 De
620 3951 680 4000 rino
702 3951 772 4016 qrrod
812 3963 877 4012 spuo
893 3947 977 3998 Idem.

242 4020 299 4070 Dlir
312 4021 691 4085 libereuefnrtumcredebont‚
702 4026 771 4076 Pliu.
843 4031 856 4066 ‘t
880 4021 1032 4086 squatinam]
1049 4021 1197 4086 Spuultden,
1218 4025 1360 4088 Mn,

244 4097 290 4144 lib.
302 4109 359 4148 xxv.
370 4104 441 4148 citt.
457 4101 507 4148 ‘Et
517 4102 771 4166 quouirmrellgiouo
810 4104 835 4148 et
861 4100 989 4160 rordidum,
1017 4101 1055 4148 ric
1083 4101 1252 4163 appeliatum,
1279 4106 1361 4168 quod

244 4170 299 4218 vito
310 4179 424 4237 conetur,
431 4176 561 4237 prolibare
570 4176 629 4226 Diis
640 4175 771 4226 netarum
813 4175 928 4238 proxime
938 4175 970 4224 ud
980 4187 1097 4237 sqrumeu
1110 4177 1220 4239 pierium
1229 4181 1364 4236 accedit.

243 4246 435 4307 interocrino,
451 4251 770 4315 preterimputntaeririr,
811 4251 908 4304 Itidem
919 4250 1018 4302 Euniru
1036 4250 1087 4302 dici
1107 4252 1231 4316 pallidum
1247 4259 1365 4322 equeti-
1437 4319 1438 4322 Ἴ
