2930 4870
521 401 798 458 rrrnnunnuurr.
1120 391 1205 464 loen

108 563 304 614 marsuano
318 533 494 630 signifieat,
508 555 543 612 et
552 569 628 614 cum
640 551 878 634 praepositione
891 551 1076 634 implorare,
1089 547 1124 616 id
1136 560 1201 632 est,

108 643 286 716 invocare:
311 658 346 715 et
360 651 450 734 apud
467 651 620 734 antiquos
635 651 733 734 plane
749 651 953 718 inclamare:
973 654 1008 716 iu
1024 653 1115 736 regis
1131 653 1202 720 Ro·

107 751 202 829 muli,
216 737 250 816 ot
263 751 357 816 Tatii
369 751 518 833 legibus:
534 751 565 814 si
576 769 679 816 nurus
691 771 792 818 sucro
802 754 891 818 divis
902 761 1078 837 parentum
1092 754 1201 820 estod.

107 851 144 916 in
164 852 237 917 Ser.
257 852 359 928 Tulli,
384 852 457 918 haee
479 857 543 930 ost,
566 854 596 916 si
618 859 793 936 pareutum
808 873 891 938 puer
903 855 1064 932 verberit,
1079 856 1203 921 astolle

107 953 280 1034 plorassit,
294 950 446 1038 (poteri.)
459 971 541 1036 puer
555 953 644 1019 divis
659 962 834 1038 parentum
856 973 955 1020 sacer
974 963 1075 1020 esto-⁷
1090 955 1203 1036 inest,

108 1054 345 1134 clamantqdix
431 1097 440 1116 ·
527 1101 537 1118 .
622 1056 766 1120 Pedulla
776 1075 851 1141 quoe
862 1057 1007 1122 dicimus
1016 1055 1106 1121 nea⁸
1193 1099 1203 1118 .

110 1197 121 1220 .
203 1157 348 1222 Graecos
362 1157 531 1240 appellare
546 1157 758 1222 manifestum
770 1164 830 1222 est
875 1157 1002 1224 Pacem
1016 1160 1203 1241 spectione

108 1258 334 1323 conditionum
355 1263 453 1342 putat
467 1257 593 1322 dictam
608 1257 749 1322 Sinnius
763 1258 900 1343 Capito,
914 1275 993 1344 quoe
1008 1261 1107 1343 utriq.
1122 1261 1205 1326 iuter

107 1379 145 1424 se
174 1359 303 1443 populo
324 1359 369 1424 sit
391 1358 607 1422 observande.
651 1358 791 1437 Ponam,
811 1360 937 1442 antiqui
960 1360 1081 1424 codem
1104 1377 1204 1426 voee-

107 1461 200 1538 baut,
215 1480 236 1524 n
251 1479 318 1544 qua
334 1459 536 1541 antiquitate
551 1458 655 1525 etiam
667 1479 755 1524 nunc
768 1459 835 1524 offa
847 1460 984 1542 porcina
996 1481 1075 1526 oum
1092 1462 1204 1526 canda

107 1563 145 1626 iu
159 1563 253 1627 cenis
265 1563 382 1646 purisy
398 1561 588 1646 ollapeuito
601 1567 742 1630 rocamr
753 1584 761 1623 ε
774 1573 809 1626 et
823 1563 980 1646 peniculi,
991 1565 1067 1646 quis
1080 1564 1206 1629 calcie-

108 1669 410 1745 meuteterguntur,
433 1663 522 1746 quod
546 1683 564 1727 e
585 1663 681 1729 codis
697 1665 854 1728 extremis
877 1664 1045 1730 iaciebant
1065 1665 1203 1754 antiqui,

105 1764 183 1847 qui,
196 1768 416 1847 tergent⁹ear
431 1766 558 1830 dictum
574 1771 628 1831 est
640 1767 790 1843 forsitan,
807 1765 1030 1848 spondendo.
1061 1766 1203 1834 Naevius

106 1867 143 1934 in
155 1866 372 1932 Tunicularia
384 1875 421 1932 :¹⁰
435 1866 645 1931 Theodotum
656 1867 850 1950 compellas,
863 1867 1006 1949 quiores
1018 1868 1204 1951 compitali-

106 1969 313 2034 bus'sodens
328 1970 361 2033 in
377 1968 476 2047 celle,
491 1969 743 2032 circumtectuas
758 1967 922 2047 tegetibus
939 1967 1044 2030 Lares
1059 1966 1204 2032 ludentis

105 2067 186 2152 peni
199 2069 311 2152 pinxit
324 2069 458 2146 bubulo,
481 2067 646 2151 significat
658 2067 816 2150 peniculo
831 2067 958 2148 grandi,
974 2067 1009 2130 id
1026 2075 1090 2144 est,
1104 2066 1203 2134 coda.

105 2169 274 2254 Proprius
290 2171 424 2234 sobrino
437 2168 580 2232 mihiost
594 2163 783 2232 consobrini
798 2168 862 2232 mei
872 2166 1017 2245 tilius,et
1027 2169 1202 2234 consului*

102 2289 254 2336 neemeae
270 2269 378 2348 tilia,¹¹
392 2276 425 2335 et
439 2269 547 2354 putris
558 2268 623 2332 mei
632 2268 1027 2347 consobrinus,otmatris
1039 2270 1108 2354 [41]
1117 2288 1203 2335 mem
1268 2345 1269 2350 ἵ

104 2372 341 2438 consobrinus.
394 2371 601 2436 Possessio*
626 2375 690 2448 ost,
715 2377 752 2434 nt
780 2367 894 2434 definit
922 2369 1044 2436 Gallus
1076 2371 1202 2450 AElius,

101 2473 341 2558 uniusquidem
358 2475 440 2556 agri,
454 2479 515 2538 ant
542 2470 677 2548 mdifici,
703 2489 769 2534 non
792 2471 865 2555 ipse
879 2470 1011 2550 fundus,
1028 2479 1089 2536 ont
1103 2491 1201 2554 eger:

99 2597 172 2640 nou
186 2578 273 2640 euim
289 2577 464 2659 possessio
480 2582 534 2639 est
547 2580 608 2638 a¹²
632 2575 701 2637 reb.
716 2593 793 2657 quse
809 2573 899 2656 tangi
913 2581 1060 2656 possunt
1119 2619 1127 2636 .
1193 2611 1203 2640 t

98 2680 166 2762 qui
180 2679 328 2750 diuites
343 2677 526 2762 possidere,
547 2675 601 2740 his
614 2681 637 2724 ¹³
661 2693 737 2740 vere
762 2681 872 2758 potest
886 2673 1019 2742 dicere:
1041 2677 1154 2760 itaque
1168 2679 1203 2742 in

95 2781 265 2866 legitimis
279 2780 471 2846 actionibus
493 2797 591 2842 nemo
614 2796 658 2840 ex
678 2777 731 2841 his
753 2779 809 2860 qui
830 2778 1082 2861 possessionem
1105 2797 1202 2844 sunm
1281 2797 1282 2800 ’

96 2901 229 2947 vocare
245 2883 358 2960 undet,
374 2881 433 2946 sad
449 2881 492 2945 ad
506 2879 721 2944 interdictum
746 2879 847 2956 venit,
862 2883 901 2942 ut
915 2879 1047 2944 Praetor
1061 2880 1114 2944 lris
1128 2899 1203 2944 ver-

94 2985 159 3049 bis
186 2989 309 3050 utetur.
353 2983 412 3048 Uti
430 3001 517 3046 nnnc
541 2980 736 3064 possidetis,
766 2997 842 3058 enm
872 2978 1011 3044 fundum
1038 2979 1083 3058 Q.
1099 2981 1144 3044 D.
1157 2979 1202 3044 Α.

566 3157 746 3180 “comune

126 3292 184 3410 'ht'-
191 3295 323 3408 mod—1⁸³
335 3292 416 3408 istor,
425 3311 454 3346 eu
464 3297 608 3346 nitran-tl
625 3289 645 3345 t‘.
656 3297 807 3358 terroe-lo
823 3292 843 3343 t'.
857 3291 1082 3343 castam-rr
1096 3291 1115 3341 f·
1124 3292 1203 3357 filias.

88 3389 131 3398 -
205 3374 286 3408 .e.-
354 3375 400 3408 ,ιι

603 3505 709 3556 NOTAE

77 3630 291 3674 ruonaroon.
309 3623 379 3667 totns
400 3623 485 3667 entem
503 3617 544 3668 trie
562 3619 635 3668 loeus
674 3624 758 3680 cerat,
769 3613 870 3680 quando
886 3615 941 3677 jour
960 3620 1068 3678 propter
1084 3627 1202 3677 parasce-

74 3701 126 3748 itn
151 3689 302 3757 legendus:
320 3692 350 3741 lrr
361 3693 425 3753 regio
439 3692 540 3749 llorrrrrli,
551 3699 575 3742 et
588 3694 633 3742 Tu·
675 3707 733 3754 ren,
744 3707 820 3757 qoam
837 3705 934 3741 conam
954 3705 1044 3754 purnro
1055 3691 1142 3742 luent
1154 3691 1202 3739 Le·

73 3774 116 3824 tii
130 3767 255 3832 regitur:
273 3765 315 3814 Sei
324 3772 445 3830 parntem
453 3782 512 3829 porr
521 3769 633 3829 entem,
675 3768 729 3816 tine
741 3767 858 3817 usitatior
870 3767 937 3829 epod
949 3779 994 3815 nor
1004 3772 1107 3830 vocant,
1115 3764 1202 3815 tacere

70 3856 123 3901 ast
156 3846 202 3894 ole
217 3841 328 3906 plororit,
352 3856 410 3905 puer
429 3842 492 3891 dieis
511 3848 635 3905 pareatum
676 3839 1024 3907 taleeliquidnonlieebat.'

68 3938 164 3978 sacer·
172 3920 252 3970 arou.
271 3918 384 3982 Reliqua
393 3917 634 3983 ridenturarljecta.
705 3916 915 3979 'Portentum
928 3914 1067 3965 Petronius
1081 3913 1203 3965 Arbiter:

112 4009 129 4045 r
156 3993 635 4057 Puru1610mr.⁴coempura,n-
675 3993 730 4042 ‘Ut
751 3991 773 4040 ei
794 3991 874 4040 nollet
894 3991 1004 4040 alienam
1026 4005 1080 4054 repr
1100 3989 1203 4042 domino

64 4067 220 4144 μσκενὴ,
238 4065 423 4132 specialiores)
456 4067 593 4131 Augustis.
609 4071 636 4120 iu
676 4066 792 4128 reddere,
811 4066 843 4116 erl
862 4063 1029 4118 interdictum
1050 4068 1169 4120 reniret!
1186 4071 1204 4119 i.

61 4157 179 4211 Jofln.
209 4143 425 4201 ‘Accelerutann¹
452 4143 544 4209 inquit,
561 4144 637 4196 ‘vult
676 4137 977 4208 adjne‚adl²raetorenr.

63 4221 219 4286 intelligi
232 4219 401 4284 repnltoraor,
420 4233 453 4270 ne
469 4219 636 4286 advesperas-
