2930 4870
491 367 764 418 aasouuuaou.
1097 353 1197 426 1069,

112 537 170 584 aaa
181 515 270 582 attuit
282 513 460 591 modicia,
482 519 605 597 postea
627 517 760 577 cautum
787 517 852 592 ost,
867 531 907 576 oo
930 513 1007 596 quis
1028 511 1179 576 Pinario·

112 637 221 686 rumex
232 635 273 682 oo
287 615 453 682 &anticio
468 620 668 680 vesceretur.
714 613 863 680 Plebeiae
881 614 1061 681 Pudicitiae
1075 614 1181 680 socol-

110 723 168 786 lao
179 721 210 785 io
222 720 298 785 sico
314 718 430 801 Longo
448 722 511 796 ost,
525 715 618 801 qood
641 735 717 782 oum
733 715 889 799 Verginio
913 719 1033 801 patriai
1050 719 1179 801 generis

109 823 240 900 samios,
256 821 448 887 convivio¹⁹
462 819 554 886 iacto
568 819 779 905 interpolans
794 828 829 884 ot
853 819 923 902 [46]
942 820 1086 903 plebem,
1108 837 1180 882 nam

104 923 224 1009 patricia
232 921 353 1008 plebeio
365 920 481 988 bomini
495 919 537 990 L.
554 920 715 988 Volumnio
724 920 847 988 consuli
859 930 1004 1008 nupserat
1074 967 1083 984 .
1171 969 1180 986 .

787 1227 972 1294 Portorium
998 1225 1114 1292 dictum
1136 1236 1180 1291 sst

103 1325 221 1414 nauigat
232 1325 277 1408 isi,
292 1325 375 1413 quod
387 1327 517 1412 soluitur
527 1327 746 1414 portitoribus,
762 1329 817 1414 qui
829 1329 1030 1394 amuduserint
1074 1377 1082 1393 .
1172 1377 1180 1394 .

101 1427 259 1494 diridiato
345 1471 740 1495 .....
808 1433 842 1496 in
858 1428 1064 1517 vectigalibus
1078 1440 1180 1494 autern

97 1527 375 1614 portariusruenda
392 1529 534 1597 locantur
551 1530 675 1596 duabus

99 1630 203 1714 liusq.
291 1677 299 1694 .
396 1679 404 1695 .
507 1679 515 1696 .
617 1676 627 1697 .
727 1639 761 1699 et
778 1631 827 1698 Ti.
842 1633 1060 1700 Coruncanius
1077 1631 1125 1697 Ti.
1143 1630 1180 1696 F.

98 1749 219 1796 censores
309 1775 318 1794 .
418 1781 426 1797 .
525 1777 535 1798 .
663 1739 745 1802 intro
761 1737 904 1821 temporis
917 1735 1181 1822 spatiamentum

97 1877 104 1894 .
206 1881 215 1898 .
317 1878 326 1895 .
1045 1836 1181 1900 sensoria

96 1933 261 2018 majestate
273 1944 383 2019 spreta
470 1983 478 2000 .
576 1984 584 2001 .
680 1984 689 2001 .
777 1937 853 2002 dom
868 1938 1073 2022 propib.²⁰et
1170 1981 1179 1999 .

291 2081 299 2096 .
385 2036 464 2102 sint.
509 2036 722 2123 Primigenius
737 2037 973 2115 sulaasdicitar,
989 2037 1088 2124 quiin
1101 2057 1180 2100 nova

93 2135 162 2199 arbe
178 2136 354 2203 contenda
368 2146 461 2204 tauro
475 2148 506 2203 et
515 2159 608 2203 saaca
622 2139 826 2223 imprimitur,
840 2138 923 2224 qaod
933 2159 1029 2224 genus
1036 2137 1180 2224 jumenti

89 2237 178 2302 volut
193 2239 366 2305 exereitum
381 2237 586 2304 adhibebatur
707 2285 715 2302 .
823 2285 831 2304 .
942 2287 950 2302 .
1046 2242 1179 2323 utrimq.

89 2336 194 2405 modin
209 2361 246 2424 p.
335 2384 345 2403 .
432 2387 441 2404 .
531 2387 539 2408 .
626 2342 688 2406 lori
699 2340 829 2427 judicio
843 2341 901 2427 qui
914 2347 947 2407 ot
961 2341 1083 2425 ipse.
1172 2385 1180 2402 .

88 2484 95 2498 .
182 2484 192 2503 .
284 2435 423 2505 Parilib.
436 2444 553 2506 arbom
569 2442 721 2508 condidit
736 2441 908 2520 Romulus,
922 2461 1011 2528 quem
1025 2441 1180 2529 elienses-

86 2548 149 2602 tam
157 2541 317 2626 precipue
331 2540 497 2610 habebant
512 2544 670 2628 juniores.
716 2541 898 2608 Praetexta*
920 2543 1013 2629 pullu
1026 2543 1111 2610 nulli
1122 2544 1180 2609 alit

81 2641 207 2708 licebat
220 2645 286 2722 uti,
300 2665 394 2730 quam
409 2645 448 2723 ei,
460 2644 779 2731 quifunussaciabat.
804 2643 890 2708 Idem
901 2647 959 2730 jus
968 2648 1180 2729 magistratus

81 2740 231 2824 habebat,
247 2744 302 2829 qui
324 2744 357 2806 in
382 2743 488 2832 eliqua
509 2747 585 2812 loco
601 2747 755 2829 publicos
775 2745 1036 2834 ludosfuciebat:
1059 2767 1134 2812 uam
1154 2746 1182 2809 si

74 2854 233 2925 maseato
249 2848 363 2924 utitor,
380 2854 414 2912 et
429 2849 574 2914 scribam
589 2847 702 2913 habere
712 2848 798 2926 solet,
808 2861 938 2932 propter
952 2871 1012 2925 eos,
1026 2869 1110 2932 quos
1128 2851 1178 2912 ia·

77 2945 137 3022 eit,
152 2947 261 3012 ludos
272 2969 280 3013 :
291 2959 448 3032 protem
451 2949 511 3034 jus
520 2947 628 3013 datum
643 2959 686 3012 est
697 2950 769 3013 item
783 2947 946 3013 Consulib.
958 2956 992 3014 et
1005 2949 1178 3013 Praetorib.

73 3055 159 3112 vota
183 3048 440 3133 nuncupantibus
455 3049 493 3115 ob
514 3051 730 3137 ignorantiam
752 3069 850 3115 soora
867 3057 1048 3115 novorum¹
1072 3048 1180 3111 ascito-

72 3167 155 3212 rum.
209 3147 314 3214 Isdem
328 3147 441 3217 datam
457 3159 508 3218 ost
521 3155 569 3218 oti
582 3153 683 3217 omit·
706 3161 820 3218 votum
835 3150 964 3237 aliquod
981 3149 1179 3215 solventibus:

71 3249 167 3332 qood
177 3251 269 3316 item
280 3249 585 3318 Valeriusvioonus
599 3273 668 3316 cum
678 3261 908 3338 ateretarpuru
922 3271 967 3317 ex
981 3259 1110 3330 senato,
1119 3253 1180 3316 im-

67 3351 223 3433 probari
238 3363 349 3437 eaptus
362 3365 417 3419 est.
461 3354 541 3420 Pila
557 3355 626 3440 [47]
642 3364 673 3418 et
686 3354 791 3418 viriles
805 3366 834 3418 et
850 3353 1008 3418 muliebres
1023 3355 1134 3441 effigies
1147 3355 1181 3417 in

67 3455 248 3538 compitis
258 3446 519 3542 suspendebantur
530 3455 729 3542 Compitalib.
739 3477 775 3521 en
787 3456 872 3535 lana,
883 3455 966 3543 quod
974 3479 1034 3523 esse
1046 3457 1180 3524 deorum

96 3737 136 3784 1⁹
151 3733 177 3785 f.
198 3735 384 3790 emm-to
399 3736 576 3802 spreuit-1
595 3739 615 3787 f.
632 3752 753 3789 marorum
764 3743 931 3787 summm-2
947 3736 1042 3788 bitem

588 3868 695 3919 NOTAE

91 3974 105 4008 ¹¹
133 3975 297 4038 Praetexta]
319 3977 385 4028 Vide
408 3979 525 4030 Vestinus
546 3980 614 4044 apud
656 3993 747 4028 manus
765 3979 958 4042 impetravisse:
979 3979 1030 4029 scio
1046 3979 1182 4043 hicsgids

54 4051 154 4100 Maca.
178 4049 365 4114 tib.t.csp.t.
398 4053 484 4118 Atque
496 4055 533 4104 ita
544 4063 616 4119 peste
657 4062 785 4119 pretextu
806 4056 885 4119 putta,
903 4054 949 4104 ssd
972 4055 1041 4118 apud
1063 4057 1182 4107 Verrium

48 4125 160 4177 sedata
176 4137 310 4188 puerum.
321 4127 365 4191 qui
374 4130 553 4193 antiquitatem
563 4142 616 4180 sos·
655 4131 833 4193 ambiguitatem
856 4145 903 4194 pra
913 4131 1079 4194 antiquitatem
1096 4133 1182 4198 legen·

47 4206 87 4255 tis
101 4203 294 4265 absolverat,
311 4211 379 4267 toga
395 4211 530 4268 protextu
546 4219 618 4257 osum
657 4206 718 4258 dun
730 4221 795 4270 esse,
808 4209 875 4258 solat
888 4197 1054 4260 admonuisse.
