2912 4858
261 345 346 414 1204
603 358 716 421 suxrr
742 357 895 406 rournu
921 356 1024 406 nnsrr

260 511 340 581 rent,
355 522 396 566 ne
413 501 590 566 vincerent.
634 499 807 564 Romanos
830 498 915 562 enim
932 505 1052 562 vernas
1067 497 1294 581 appellabant,
1310 499 1337 561 id

259 613 324 681 est,
339 602 462 669 ibidem
478 609 587 679 natos,
602 620 690 684 quos
704 602 836 665 vincere
856 599 1080 684 pemiciosnm
1095 599 1276 664 'arbitrium
1290 599 1340 662 Sn-

259 706 358 782 biuis,
373 704 432 787 qui
448 702 619 786 conjuncti
634 708 725 766 eram
738 721 815 766 cnm
827 701 868 766 Ρ.
882 701 926 766 tt.
956 701 1115 784 Vergiliae
1129 699 1249 778 dietae,
1263 697 1340 783 qnod

260 825 374 871 eorum
395 809 469 869 ortu
488 822 548 868 rer
568 801 688 881 fluitur,
702 815 804 870 aestas
819 803 943 886 incipit.
987 799 1156 868 Vastunrl
1177 821 1245 885 pro
1263 819 1342 883 meg·

258 927 357 974 num:
380 906 513 990 ponitur
528 912 637 970 tamen
655 912 689 969 et
703 925 762 989 pro
783 903 885 968 inani.
929 905 1076 969 Accius:
1097 901 1179 968 Jam
1196 903 1286 968 benc
1299 923 1342 966 nr·

257 1011 335 1076 bem
346 1009 431 1074 terro
446 1011 572 1072 vastem
586 1005 688 1071 saciet
702 1005 842 1070 Peleus:
864 1009 897 1068 et
912 1004 1102 1070 Pacuvius:
1133 1003 1235 1088 [194]
1256 1003 1342 1082 Que-

257 1113 320 1190 les,
335 1111 472 1176 scabres
486 1107 577 1194 quod
589 1113 616 1156 ¹⁴
636 1105 758 1172 inculta
771 1105 987 1170 vastitudine.
1031 1103 1084 1169 Va
1099 1106 1218 1181 victis,
1230 1105 1264 1168 in
1276 1123 1342 1188 pro-

258 1212 402 1278 verbium
419 1209 549 1276 venisse
563 1209 786 1285 existimatur,
801 1225 877 1270 cum
900 1207 1011 1272 Roma
1024 1211 1126 1290 capta
1154 1226 1176 1270 a
1193 1206 1342 1270 Senonib.

258 1312 369 1378 Gallis
385 1330 502 1377 aurum
519 1329 563 1374 ex
586 1309 803 1374 conventione
818 1314 854 1372 et
867 1313 969 1392 pacto
980 1306 1240 1390 adpenderetur,
1249 1315 1287 1372 ot
1298 1327 1341 1372 re·

256 1413 423 1491 cederent,
439 1411 529 1495 quod
544 1411 669 1494 iniquis
684 1409 857 1495 ponderib.
872 1409 963 1492 exigi
978 1427 1000 1474 a
1016 1409 1168 1474 barbaris
1191 1417 1341 1493 querente

256 1513 331 1579 ΑΡ.
347 1513 501 1592 Claudio,
518 1513 670 1578 Brennus
684 1507 760 1577 reui
782 1509 955 1576 Gallorum
978 1509 1021 1576 ad
1044 1509 1198 1594 pondera
1224 1511 1340 1593 adjecit

255 1613 413 1696 gladium,
428 1620 463 1678 et
477 1613 572 1692 dixit,
587 1631 629 1679 ve
645 1615 765 1679 vietis:
788 1632 887 1696 quem
910 1619 1032 1694 postea
1053 1617 1260 1695 persecutns
1281 1612 1340 1677 Fu·

253 1715 323 1780 rius
349 1715 522 1792 Camillus,
545 1734 619 1779 enm
643 1715 774 1780 insidiis
803 1716 1061 1780 circumventum
1088 1713 1289 1790 concideret,
1309 1718 1339 1778 et

254 1823 436 1900 quereretur
455 1820 574 1881 contre
587 1816 699 1881 ioedos
713 1817 796 1894 lieri,
811 1817 929 1882 eadem
944 1834 1027 1881 voce
1050 1835 1278 1880 remunerasse
1289 1817 1337 1880 di·
1436 1869 1437 1872 ,

254 1917 350 1982 citur.
392 1916 569 2000 Vegrande
583 1917 769 1999 significare
785 1919 842 1983 alii
856 1920 951 1983 aiunt
965 1917 1049 1982 male
1065 1915 1215 2000 granden
1237 1923 1274 1981 ut
1285 1937 1339 1981 re·

252 2035 339 2096 cors,
362 2039 519 2098 vesanus,
548 2018 628 2083 mali
657 2017 777 2098 cordis,
807 2019 927 2104 maleq.
943 2037 1068 2084 sonus:
1104 2019 1178 2095 alii,
1194 2037 1340 2101 pomum,
1436 2011 1437 2084 j

252 2119 426 2197 minutum,
440 2128 478 2184 ut
492 2139 593 2202 quom
609 2119 764 2196 dicimus,
780 2119 946 2202 vegrande
955 2119 1175 2184 frumentum:
1197 2129 1233 2185 et
1243 2121 1340 2186 Pleu·
1436 2101 1437 2130 ¹

252 2225 306 2284 tus
330 2221 365 2284 in
388 2221 599 2286 Cistellaria:
634 2218 704 2300 Qui
731 2221 798 2285 nisi
828 2221 934 2285 ituree
962 2221 1101 2285 nimium
1128 2222 1161 2286 is
1186 2222 1339 2304 vegrandi
1436 2295 1437 2298 Ἴ

250 2323 362 2400 gredo.
406 2319 558 2387 Vecore¹¹
579 2327 631 2386 est
651 2323 776 2386 trrrbeti
797 2329 834 2386 et
854 2322 934 2386 moli
947 2314 1066 2388 cordis.
1111 2320 1290 2388 Pacuvius
1308 2325 1340 2388 in

250 2417 378 2486 iliona:
401 2421 472 2501 Qui
486 2423 594 2488 veloci
610 2423 845 2506 superstitione
871 2443 947 2488 cum
970 2425 1103 2490 vecordi
1122 2425 1286 2508 conjuge:
1306 2431 1340 2490 et
1436 2497 1437 2500 Ἴ

249 2519 383 2586 Nonius
410 2525 443 2587 iu
489 2571 497 2588 .
552 2579 553 2585 ,
587 2568 594 2584 .
683 2569 692 2587 .
751 2523 895 2588 Coactus
909 2525 1142 2590 tristimoniam
1159 2545 1207 2590 ex
1231 2527 1339 2591 animo

249 2621 405 2686 deturbat
415 2629 449 2687 et
463 2622 673 2688 Vecordiam.
718 2623 855 2713 Vapula
871 2625 1023 2708 Papiria,
1038 2627 1072 2690 in
1088 2627 1270 2710 proverbio
1279 2627 1341 2692 l'uit

248 2721 405 2804 antiquis,
420 2723 543 2806 dequo
559 2723 694 2789 Sinnius
710 2723 830 2809 Capito
846 2727 896 2791 sic
911 2727 1022 2804 refert,
1037 2734 1105 2792 tum
1121 2727 1193 2792 dici
1208 2727 1340 2792 solitum

248 2841 335 2901 esse,
350 2843 425 2889 cum
441 2823 566 2890 vellent
579 2827 780 2891 minantibus
794 2824 843 2892 ibi
855 2835 878 2870 ¹⁵
902 2827 1090 2910 significare
1110 2847 1150 2891 se
1164 2843 1228 2893 eos
1240 2829 1342 2912 negli-

246 2943 333 3005 gere,
349 2929 382 2988 et
395 2945 462 2989 non
477 2943 607 3003 curare,
621 2925 726 2990 fretos
744 2927 821 3010 jure
843 2929 1022 2994 libertatis.
1064 2927 1213 2993 Plautus
1228 2932 1261 2992 in
1279 2929 1344 2994 Fe-

246 3025 424 3091 ueratrice:
449 3027 545 3091 Heus
560 3036 596 3093 tu
610 3029 643 3092 in
657 3029 813 3094 barbaria
827 3031 917 3112 quod
933 3032 1054 3096 iecisse
1067 3029 1194 3094 dicitur
1203 3031 1343 3096 libertos

246 3141 317 3187 suae
343 3131 509 3206 petronae,'
533 3127 608 3192 ideo
630 3128 708 3192 dico
797 3177 806 3190 .
896 3178 904 3195 .
994 3175 1002 3192 .
1089 3130 1344 3197 liberte'salre.
1436 3133 1437 3160 l

276 3451 306 3497 lt
323 3445 342 3495 t'.
355 3449 442 3510 sponte,
456 3449 535 3499 sectr-e
545 3455 686 3514 utem—lt
703 3449 786 3500 tutti.

737 3619 841 3670 NO'l'AE

242 3771 243 3776 Ἰ
273 3705 286 3740 ¹¹
314 3705 426 3772 veum}
450 3710 583 3762 Videndur
613 3715 712 3764 Nonius
739 3716 765 3768 iu
806 3715 870 3778 plari
891 3716 998 3778 antiqno
1017 3718 1142 3774 contulit,
1162 3722 1214 3770 dar
1232 3735 1279 3785 pro
1298 3737 1344 3772 m

241 3782 614 3852 ‘thitndinet’npndqnem
625 3797 698 3840 extet
709 3805 765 3840 rar·
803 3797 921 3840 notatum
935 3797 993 3843 est:
1014 3799 1043 3842 et
1064 3807 1167 3856 pum
1187 3811 1235 3860 pro
1250 3799 1344 3860 dpu-

240 3872 283 3906 rur
297 3859 401 3908 Pacuuii
411 3875 443 3909 rx
451 3862 561 3924 Teucro,
569 3879 642 3928 quem
654 3867 695 3916 bic
705 3867 764 3916 Fen·
803 3869 906 3918 dorem.

241 3940 283 3982 tur
293 3935 366 3994 citat,
378 3943 407 3984 ut
417 3950 463 3986 nor
475 3939 674 3991 emendarimus.
836 3943 847 3977 l
867 3945 962 4007 Veron,
971 3947 1026 4011 te]
1043 3950 1173 4014 Esemplr
1183 3953 1306 4015 Pacuvii,
1315 3961 1344 4002 et

272 4009 279 4066 l
296 4009 326 4058 ln
346 4011 446 4060 schediu
464 4019 504 4064 ert
521 4014 633 4066 urum
648 4031 700 4073 rex,
718 4032 764 4080 pro
804 4019 891 4086 Norii‘
899 4019 1086 4076 desiderantur
1100 4027 1127 4076 in
1144 4029 1202 4080 eliis
1218 4029 1344 4080 editioni·

239 4095 290 4141 quo
309 4084 333 4130 in
352 4088 466 4148 margine
477 4089 529 4136 alis
541 4103 625 4148 meon,
642 4091 697 4154 ejru
711 4090 762 4142 ior·
803 4092 859 4144 bur.
931 4115 933 4122 ·

239 4159 316 4210 tasse,
336 4159 378 4218 qui
395 4161 501 4210 rencdrr
521 4163 576 4213 illm
596 4179 654 4216 enm
674 4180 760 4217 erem·
