2930 4870
520 377 792 426 raucuurtruu.
1117 366 1201 430 1085

110 515 299 600 significare
322 517 494 583 Antistius
516 519 559 584 de
576 520 650 602 jure
670 517 855 602 pontificali
877 521 917 584 L.
940 537 1039 584 vrrrr.
1084 523 1201 606 Popu-

110 619 197 684 laria
211 627 407 696 sacrasunt,
426 627 463 684 ut
487 621 533 684 ait
556 621 683 697 Labeo,
708 639 782 703 quae
809 639 923 684 omnes
944 623 1036 686 cives
1061 622 1201 702 faciunt,

111 741 173 785 nec
189 722 288 784 certis
303 720 440 784 familiis
456 721 625 786 adtributa
634 729 723 786 sunt.
768 721 976 799 Fornacalia,
989 723 1127 801 Parilia,
1139 724 1202 788 La·

110 821 208 896 ralia,
223 841 328 906 porca
338 821 553 905 praecidania.
598 823 774 888 Pollucem
788 822 941 888 mercesh
999 870 1007 886 .
1097 872 1104 886 .

110 923 213 987 liceat
240 931 317 987 suut
344 924 405 1000 sar,
426 924 574 1008 polenta,
594 925 720 1000 vinum,
745 926 843 1008 panis
867 926 1095 1005 fermentalis‚⁷
1118 927 1204 990 ficus

110 1043 228 1105 passa,
243 1026 356 1101 suilla,
372 1027 512 1103 bubula,
536 1027 667 1108 agnina,
690 1029 796 1104 casei,
815 1026 933 1103 ovilla,
949 1027 1048 1104 alica,
1063 1047 1203 1106 sesama,

110 1132 144 1189 ct
159 1127 282 1204 oleum,
298 1128 421 1210 pisces,
436 1129 527 1212 quib.
543 1134 596 1192 est
607 1144 759 1212 squama,
772 1137 898 1212 preater
908 1129 1090 1211 squarum.⁸
1114 1129 1205 1194 Her·

111 1226 181 1290 culi
196 1233 304 1292 autem
321 1230 434 1294 omnia
448 1231 630 1308 esculenta,
644 1231 834 1312 poculenta.
879 1229 1066 1294 Proiectum
1087 1238 1141 1295 est
1154 1231 1204 1296 fa·

110 1347 199 1404 cere,
222 1336 403 1412 tamqnam,
418 1329 593 1418 profanum
607 1331 729 1408 facere,
745 1330 781 1394 id
801 1337 864 1406 est,
889 1331 979 1414 quod
995 1351 1036 1394 eo
1059 1331 1124 1409 dle,
1136 1334 1203 1415 ⁴qui

110 1429 185 1492 dies
201 1429 354 1494 feriarum
369 1451 436 1494 non
451 1439 513 1508 est,
527 1417 656 1496 facere:
673 1431 737 1508 rel,
752 1436 788 1494 nt
801 1431 936 1513 quidam
953 1433 1127 1511 dixeruut3
1143 1451 1204 1515 pro

109 1549 153 1594 eo
165 1531 276 1595 iacere
291 1533 384 1596 velut
397 1533 490 1596 feriae
504 1551 570 1595 non
585 1533 669 1612 siut3
685 1540 746 1596 aut
758 1532 792 1596 id
803 1533 924 1610 lacere,
935 1534 1022 1616 quod
1039 1533 1130 1596 feriis
1145 1533 1203 1598 fie-

108 1633 138 1694 ri
154 1650 220 1695 non
234 1634 347 1698 liceat.
393 1633 511 1716 Itaque
526 1633 613 1698 diem
628 1633 825 1718 profestum,
840 1633 926 1698 diem
937 1636 1009 1698 sine
1020 1636 1204 1700 ieriisesse.

110 1731 293 1798 Profanum
309 1741 370 1812 ast,
384 1735 476 1818 quod
492 1735 560 1800 sani
576 1736 730 1816 religione
746 1755 811 1800 non
826 1743 963 1801 tenatur.
1007 1734 1206 1800 Procubito·

110 1851 167 1896 res
188 1833 346 1900 dicuntur
366 1837 437 1902 fieri
459 1841 608 1915 vetites,⁹
629 1839 688 1922 qni
709 1846 811 1901 noctu
834 1838 997 1902 custodia
1014 1857 1115 1901 causo
1128 1845 1204 1901 ante

111 1943 226 2000 castra
247 1939 428 2015 excubant,
450 1959 526 2005 eum
553 1949 664 2004 castra
690 1939 837 2002 bostium
858 1939 894 2000 in
916 1939 1103 2021 propinquo
1118 1945 1205 2015 sunt,

112 2042 152 2100 ut
168 2037 217 2101 Μ.
235 2037 322 2104 Cato
337 2041 371 2104 in
386 2061 439 2118 eo,
456 2061 554 2124 quern
571 2041 612 2104 de
627 2061 660 2104 re
675 2039 810 2104 militari
832 2040 976 2122 scripsit.
1021 2037 1204 2120 Properam

110 2157 175 2218 pro
191 2140 290 2204 celeri
306 2161 347 2206 ac
362 2149 497 2206 strenua
512 2142 638 2205 dixisse
654 2141 823 2223 antiquos,
840 2141 1028 2204 testimonio
1045 2147 1096 2203 est
1108 2138 1206 2212 Cato,

111 2259 190 2303 curn
202 2242 251 2305 ait
264 2243 299 2305 in
311 2243 399 2306 libro
410 2244 451 2308 de
465 2263 500 2307 re
514 2242 667 2306 militari:
681 2240 831 2304 Tertiae
846 2240 958 2304 fastris
969 2247 995 2277 ¹⁰
1006 2239 1140 2302 eductio
1153 2259 1206 2304 ce·

111 2342 194 2406 ieris
209 2353 433 2427 prosperaq.¹¹
449 2351 510 2408 est.
554 2343 621 2406 Pro
709 2386 717 2402 .
805 2387 813 2403 .
901 2349 952 2406 sta
967 2339 1059 2404 dolia
1076 2341 1206 2405 aitdiei

109 2441 228 2508 Labeo
243 2444 314 2528 [62]
331 2445 423 2528 qnod
510 2487 520 2508 .
608 2489 615 2504 .
708 2489 715 2504 .
804 2486 813 2505 .

212 2693 220 2709 .
310 2642 459 2709 Priverno
474 2643 615 2708 mulieres
631 2645 771 2728 privator
787 2642 928 2708 dicebant
1013 2686 1023 2705 .
1099 2688 1107 2705 .
1198 2688 1206 2707 .

213 2789 221 2806 .
309 2792 317 2811 .
405 2755 526 2831 turpro
615 2793 622 2808 .
710 2787 719 2806 .
807 2789 815 2806 .
904 2791 911 2806 .
1030 2741 1208 2826 Pubeprae·

109 2851 217 2924 sente,
232 2855 278 2910 esi
286 2843 403 2931 populo
413 2855 574 2932 prasente,
590 2848 792 2929 συνεκδοχικῶς
806 2847 849 2908 ab
864 2845 911 2922 iis,
922 2845 976 2930 qut'
984 2842 1115 2928 puberes
1125 2854 1207 2921 sutri,
1296 2927 1302 2938 ι

109 2967 233 3010 omnem
242 2947 395 3031 poputum
408 2945 589 3033 significant
710 2991 718 3008 .
808 2992 816 3008 .
905 2991 913 3008 .
1001 2988 1009 3004 .
1140 2965 1208 3026 qua

409 3097 418 3114 .
504 3068 584 3112 susc
711 3089 720 3108 .
808 3091 815 3104 .
906 3091 914 3110 .
1002 3089 1010 3104 .
1131 3045 1207 3108 dem

407 3195 414 3211 .
502 3147 621 3213 decidit
710 3195 718 3211 .
806 3194 814 3210 .
904 3189 911 3205 .
1000 3190 1007 3203 .
1124 3163 1207 3208 conc

145 3452 162 3496 7
183 3446 202 3496 f.
213 3447 430 3504 somniatore-8
446 3443 465 3496 f.
476 3449 626 3494 samm—9
642 3442 662 3494 f.
675 3443 730 3502 fere
747 3442 903 3492 vellica-1⁰
921 3438 1108 3488 f.caaro.-1r
1128 3439 1146 3489 f.
1155 3455 1209 3503 pro·

105 3527 230 3577 lmin-

601 3646 710 3698 NOTAE

144 3765 159 3800 δ
172 3767 295 3814 Pollucem
305 3765 402 3828 mur]
420 3763 523 3814 Cassius
533 3763 645 3814 Hemina
684 3764 782 3810 luctum
795 3767 921 3823 emerent,
934 3761 1017 3822 pretio
1027 3761 1108 3808 mirrur
1121 3771 1210 3818 parce·

101 3842 188 3906 epod
200 3841 313 3889 Plinium
326 3841 343 3888 l.
356 3853 449 3888 xxxrr.
461 3854 484 3890 c.
496 3844 520 3889 θ.
540 3839 548 3866 ⁴
559 3840 583 3888 N
587 3853 644 3888 uma
684 3847 751 3894 rent,
763 3853 844 3902 eaque
854 3835 1102 3900 praememorantur!
1125 3835 1209 3884 Varro

98 3917 265 3972 constituit,
292 3924 320 3964 ut
341 3917 433 3978 piscar,
454 3916 497 3978 qul
519 3914 645 3978 sqrramoci
685 3914 766 3963 libr.
786 3911 818 3959 de
837 3911 910 3972 Liog.
927 3913 984 3959 Lat.
1005 3910 1085 3958 ‘Cam
1099 3913 1210 3958 enimes

97 4008 166 4045 non
189 4001 286 4046 essent,
304 3991 329 4038 ni
348 3992 508 4052 pollucerent
525 3990 646 4052 putrimo-
684 3986 813 4036 mercibus
838 3985 977 4032 libamenta
1005 3993 1123 4046 porrecte
1151 3988 1211 4032 sunt

96 4071 168 4130 nia,
185 4070 345 4115 commentor
362 4072 390 4113 ut
407 4063 524 4114 convivia
542 4064 645 4127 publicu
685 4063 793 4113 Herculi
810 4063 835 4110 ln
854 4076 908 4120 arn,
925 4069 977 4109 turn
996 4061 1136 4123 polluctum
1153 4059 1211 4110 est!

95 4155 140 4198 et
164 4145 278 4208 privata,
297 4139 429 4206 carieque
451 4142 483 4190 ud
504 4141 646 4204 pulvinaria
684 4139 834 4191 Tertullirn.
846 4138 871 4188 in
883 4139 1020 4202 apolope.
1032 4139 1071 4187 td.

92 4222 220 4274 facilius
228 4227 449 4284 compararentur,
460 4219 485 4266 ni
493 4217 537 4282 qui
547 4216 579 4265 ud
591 4217 646 4280 pol-
