2868 4838
234 295 298 360 6⁰0
570 309 681 356 suari
709 307 859 356 nourrii
886 305 989 355 rasni

187 497 189 501 ·
237 452 391 516 Pislnm⁸
406 450 600 535 apinsendo
615 468 675 532 pru
685 450 846 532 politum⁹
863 449 992 533 antiqui
1003 448 1211 532 frequentius
1223 467 1324 512 usur·

281 552 418 634 pabaut,
435 569 534 633 quam
548 570 634 614 nunc
648 569 710 615 nos
726 551 880 616 dicimus.

240 649 400 716 Plancucb
413 649 591 716 dicebantur
601 653 723 716 tabulae
735 652 852 734 planca,
868 652 1019 734 obquarn
1035 669 1170 714 causam
1188 647 1330 730 [Pnun.

283 763 311 815 et
337 754 455 818 Planci
481 755 699 838 appellantur,
714 754 771 837 qui
795 753 1044 837 supramodum
1067 750 1209 834 pedibus
1232 748 1332 832 plani

284 861 373 917 sunt.
775 866 783 876 “

245 953 445 1020 Plaustrum⁰
463 955 583 1040 perculi
604 954 757 1020 dicebant
778 953 900 1040 antiqui
913 953 953 1016 ub
975 975 1019 1032 eo,
1032 953 1085 1038 qui
1102 950 1178 1038 pede
1199 949 1331 1034 [Fnsr.

276 1252 292 1296 9
307 1247 377 1297 Scal.
388 1254 415 1298 st
427 1248 491 1298 Dac.
503 1248 636 1312 legendum
649 1258 752 1300 mouent
762 1265 805 1312 pru
816 1251 929 1300 molitum·

733 1443 842 1494 ΝΟΤΙΕ

278 1581 289 1608 ⁸
315 1571 421 1635 Pistum]
447 1575 530 1623 huus
566 1573 713 1634 mendosus,
740 1580 767 1624 at
804 1572 873 1622 culi.¹
908 1571 949 1622 Ad
968 1571 1044 1636 idque
1055 1569 1184 1620 citabatur
1199 1581 1288 1618 sersus
1300 1581 1337 1616 εκ

246 1663 360 1699 mancus.
376 1651 435 1700 Ant.
446 1652 510 1713 Aug.
806 1648 915 1711 Epidico
932 1647 1034 1696 Plauti:
1053 1645 1193 1709 ‘Epidicus
1204 1645 1265 1694 milri
1277 1656 1336 1692 nra·

280 1724 386 1787 Pistum]
403 1725 500 1790 Scribe,
509 1741 553 1788 pru
564 1727 676 1775 molitum.
704 1727 769 1775 Var-
807 1721 955 1786 gisterfuit.
973 1723 1022 1771 Pa.
1035 1721 1259 1784 perii,plaustruur
1273 1730 1337 1781 per·

247 1816 277 1850 ro
294 1801 326 1850 dc
343 1801 396 1849 rita
414 1802 500 1868 pupuli
520 1803 626 1851 Romani
641 1802 706 1852 libro
718 1803 769 1866 pri·
806 1799 881 1847 culi:'
898 1804 927 1846 ut
937 1797 1002 1847 mals
1014 1796 1089 1847 liudis
1104 1796 1216 1859 legatur,
1226 1798 1340 1842 uuam

248 1892 306 1928 mu:
324 1879 398 1928 'Nec
416 1879 519 1941 pisturis
539 1893 631 1928 numen
645 1888 711 1939 arat,
722 1881 770 1928 uisi
806 1877 911 1938 perculi:
927 1875 994 1940 quud
1007 1875 1130 1925 maximus
1146 1875 1184 1922 vir
1203 1871 1340 1921 Adrianus

249 1953 313 2017 ejus,
324 1953 366 2016 qui
378 1955 429 2003 ruri
446 1952 630 2017 iarpinssbut3
648 1955 771 2004 nominati
806 1951 938 2000 Turnebus
959 1953 1083 2000 lauatrum
1103 1947 1340 2012 interpretabatur,

248 2029 281 2076 ab
304 2043 344 2090 an,
368 2029 435 2093 quud
453 2029 585 2092 placeret!
616 2029 689 2079 Ideni
704 2031 770 2095 ταφῇ·
808 2026 885 2090 idque
896 2027 1001 2090 optima,
1012 2031 1033 2076 si
1048 2029 1085 2076 ita
1097 2025 1258 2089 proverbium
1271 2019 1342 2070 effe·

249 2101 383 2152 usumv:
398 2105 472 2153 ‘Nec
488 2105 609 2168 pistorem
621 2106 699 2155 ullum
712 2121 769 2156 nus·
809 2103 900 2151 rebant
912 2102 1029 2152 Veteres.
1046 2100 1097 2151 Sed
1107 2115 1163 2150 cunr
1176 2105 1337 2162 agnoscatur

249 2186 317 2235 sent,
328 2180 374 2226 uisi
387 2193 455 2241 euru,
465 2180 507 2240 qui
524 2179 549 2227 iu
568 2179 672 2243 pistrina
686 2181 771 2243 pluss-
809 2172 850 2226 liic
870 2194 885 2226 a
899 2178 986 2239 Festo,
997 2179 1059 2227 itam
1071 2192 1087 2226 a
1098 2178 1212 2236 Donato,
1223 2175 1259 2223 itu
1272 2173 1342 2221 reti·

250 2252 427 2302 retiariuam.¹
460 2255 496 2303 At
509 2256 665 2318 ternpuribus
676 2256 771 2304 ultimis
811 2253 933 2302 uenimus.
964 2253 1106 2301 Malarsru
1125 2247 1289 2314 proverbium
1307 2247 1343 2294 il-

250 2325 327 2390 Reip.
339 2335 365 2375 et
376 2327 498 2391 deinceps
509 2329 632 2384 Putares,
644 2337 671 2378 ut
685 2338 771 2379 nutum
811 2328 854 2377 lud
866 2330 1051 2390 iuterpretatur
1069 2327 1197 2386 Erasmus,
1211 2331 1240 2372 ut
1251 2322 1343 2372 cuivis

250 2403 336 2464 arrigo,
364 2403 387 2451 ol
403 2403 518 2466 ἅρτοποωὶ
540 2405 704 2454 vocabantur.
739 2405 772 2454 Et
812 2405 950 2470 iacile‚qni
965 2406 1024 2468 ejus
1039 2401 1280 2466 interpretationem
1300 2398 1343 2446 le-

251 2476 359 2527 Plautus
382 2477 431 2530 fuit
454 2482 544 2543 pistor,
566 2495 624 2529 curn
643 2481 771 2530 trusatilus
812 2483 986 2548 perit,patera
999 2487 1094 2546 potest.
1126 2479 1177 2528 Sed
1194 2478 1230 2525 illi
1242 2475 1345 2526 cundo·

252 2554 331 2602 molas
340 2557 462 2605 versando
470 2571 574 2618 operarn
586 2557 708 2606 locasset.
723 2558 773 2606 Ml·
811 2559 932 2618 nundum,
943 2559 1001 2622 quia
1013 2556 1045 2606 ad
1057 2570 1113 2605 earn
1124 2554 1269 2617 opinionem
1282 2552 1345 2600 Do·

251 2629 584 2682 riutirrsPali12‘Octarius
596 2633 775 2682 homoPlauti·
812 2644 887 2685 natus
908 2635 973 2684 mala
992 2633 1141 2682 intellectus
1159 2643 1215 2678 suun
1226 2627 1347 2690 impulit,

253 2717 294 2751 uae
307 2705 477 2767 prosapia,ut
490 2707 613 2768 pistorum
623 2708 777 2771 pracipuu,
812 2727 842 2760 ac
871 2711 953 2774 ipsura
982 2709 1112 2758 Erasmum
1141 2705 1235 2767 potins,
1260 2717 1347 2766 quani

236 2778 676 2845 'isspostremusputtosopnorun:
703 2785 777 2832 Frus·
813 2787 954 2850 plaustrum
972 2784 1089 2845 perculit·
1114 2779 1349 2832 Cumsliarnsute

254 2863 296 2904 tra
307 2856 374 2905 lruuc
393 2858 477 2906 locum
491 2857 562 2906 Festi
575 2866 721 2920 srrspectunr
733 2860 776 2908 lra-
814 2862 882 2926 apud
893 2863 1013 2912 Plautum
1023 2859 1199 2923 accipiendum
1212 2859 1253 2908 sit.
1275 2857 1350 2905 Pur-

254 2930 317 2980 bant
329 2932 398 2982 ducti
415 2934 471 2990 riri,
490 2943 611 2998 tauquam
622 2935 721 2996 integer
732 2951 776 2998 pa·
815 2953 843 2988 ro
855 2953 904 2987 nun
915 2939 990 3000 lunge
1008 2937 1041 2986 als
1055 2936 1094 2984 liis
1106 2935 1189 2984 serbis
1207 2932 1349 2995 scripsisse

254 3023 310 3059 rum
328 3009 372 3071 sit,
385 3023 416 3060 uc
434 3023 548 3060 mancus.
575 3010 656 3059 Porro
668 3011 777 3059 Veteres
817 3015 917 3064 uidetur
928 3015 1032 3062 Festus:
1051 3013 1189 3061 Plaustrum
1198 3006 1288 3072 perculi
1299 3021 1349 3056 ιι·

254 3086 375 3136 dicabant
385 3089 445 3150 pisa,
458 3102 506 3136 nun
515 3088 596 3150 pisso:
614 3089 673 3152 quia
681 3102 696 3135 a
703 3089 777 3138 Gra·
814 3091 875 3152 tiqui
884 3089 1002 3152 dicem,
1011 3088 1040 3136 ab
1050 3088 1090 3147 iia,
1100 3087 1141 3148 qui
1150 3084 1245 3148 peditus
1256 3088 1351 3132 causta

255 3176 286 3210 no
297 3161 437 3223 miramur
453 3162 512 3210 alibi
531 3163 692 3210 notavimus:
710 3162 777 3212 uude
813 3166 920 3227 plaustra
927 3163 1141 3227 perecliturum
1153 3158 1350 3221 caesareum

252 3237 340 3298 pltare,
355 3237 465 3285 calcare.
497 3236 595 3285 Seneca
611 3235 778 3300 Epistolast.
817 3271 925 3292 .......
934 3241 959 3288 s'd
975 3235 1350 3302 pucdupudPlautusadicitur.

255 3313 299 3360 ‘in
311 3321 405 3362 terram
423 3325 473 3360 uun
491 3311 603 3374 aggessit
614 3319 721 3376 turtum,
732 3310 778 3362 scd
817 3317 930 3379 Epidicus
949 3317 1007 3366 uuiti
1029 3316 1142 3376 augurer
1157 3311 1218 3372 suit.
1252 3310 1349 3360 Perii.-

255 3397 282 3438 et
305 3389 423 3451 calcavit,
444 3387 593 3452 stprursits
610 3396 689 3451 negat
708 3391 778 3453 quic·
816 3393 954 3442 Plaustrum
966 3391 1064 3456 peculi.
1100 3388 1350 3438 VideturErasnrua

256 3479 332 3526 quain
345 3479 400 3514 assa
417 3465 474 3526 hac,
485 3473 514 3512 nt
528 3465 573 3527 ait,
588 3465 715 3529 piraticus
727 3480 778 3515 ure·
817 3471 922 3532 sentire,
932 3477 960 3518 ut
971 3483 1021 3518 uun
1033 3469 1134 3517 dicatur
1145 3466 1177 3514 da
1186 3479 1228 3526 su,
1240 3460 1285 3528 qui
1296 3464 1352 3512 ins·

256 3539 320 3590 lius.'
347 3541 389 3589 lta
405 3540 472 3590 liber
488 3539 629 3589 doctissimi
649 3541 682 3590 N.
694 3541 780 3604 Fabri,
817 3544 930 3608 prudeus
941 3545 1071 3606 negotium
1083 3533 1191 3594 evertit:
1208 3539 1353 3602 redduco,

257 3629 333 3679 quens
355 3630 413 3665 cunr
439 3616 569 3665 veteribus
585 3616 779 3680 diligentissima
817 3621 860 3683 qui
878 3621 949 3683 prins
968 3634 1021 3668 rani
1041 3625 1178 3682 priapum,
1193 3629 1268 3680 quarn
1285 3629 1351 3664 eam

257 3693 375 3742 cuntulit.
390 3693 443 3740 Jua.
454 3691 518 3740 Saul.
817 3696 912 3759 alioqui
934 3694 1114 3758 aggrediatur:
1133 3699 1162 3741 ut
1181 3690 1213 3740 da
1229 3689 1353 3750 rusticis,

289 3767 301 3802 i
318 3766 426 3830 Pluacoe]
443 3768 554 3816 Patarea
569 3767 640 3830 prius
659 3768 746 3830 dicta,
765 3785 780 3820 a
817 3773 861 3835 qni
874 3772 1020 3836 priusquam
1040 3772 1352 3832 plaustrumexuuerant.

257 3845 350 3895 Gracc
361 3841 494 3905 φάλαγγες.
508 3843 557 3892 Vel
567 3843 651 3906 potius
660 3847 755 3908 planem
765 3861 781 3894 a
818 3847 959 3910 plaustrum
978 3847 1061 3907 ipsum
1084 3844 1244 3906 percellunt:
1265 3855 1353 3904 prop-

257 3918 594 3981 Grsuuuauduas,lnsertna.
603 3920 780 3985 Gloss.‘plau·
819 3929 891 3971 terea
902 3920 1065 3983 prouerbium
1075 3917 1241 3978 efferebatur,
1252 3921 1260 3946 ‘
1272 3917 1353 3967 Bana

258 3995 470 4058 cusfluurdruus!
487 3996 549 4045 Duc.
818 3998 962 4060 planstrum
974 3995 1071 4059 perculi
1081 3994 1097 4042 ι’
1114 3996 1186 4044 Beus
1198 4008 1253 4044 rarn
1264 3993 1353 4044 cunti·

290 4077 301 4104 e
318 4071 465 4134 Plaustrum]
480 4069 563 4133 lnt'ra,
570 4072 693 4134 agebatur
702 4074 782 4122 ruani-
818 4074 894 4135 claui,
905 4087 962 4122 num
974 4087 1029 4121 cunr
1042 4070 1180 4134 priusrullri
1191 4070 1355 4134 subegerint.

251 4143 327 4196 ¹testu
338 4146 371 4196 dn
388 4147 533 4210 proverbio,
544 4150 552 4175 ⁴
564 4147 712 4200 Plaustrum
725 4163 782 4214 per·
819 4151 855 4200 At
875 4148 1000 4216 quomodo
1016 4147 1084 4212 apud
1104 4148 1224 4198 Plautum
1241 4147 1355 4212 legitur,
