2934 4864
481 391 755 440 rnrcnnnnnrr.
1076 375 1160 442 1147

80 537 180 614 ludos,
202 533 317 600 subito
343 533 386 598 ad
412 553 503 602 arma
529 533 678 612 exierint,
704 533 866 600 nuntiatio
883 533 1065 600 adventns⁵
1083 534 1162 600 hos·

81 641 163 712 bum,
178 637 358 722 victoresq.
372 637 405 700 in
420 635 578 704 bennum
595 637 747 703 redierint
762 636 911 712 solliciti,
925 656 968 715 ne
983 636 1161 707 intermissi

78 740 260 821 religionem
284 736 458 818 adferrent,
474 737 651 804 instaurati
666 735 746 822 qui⁶
767 743 886 814 essent,
900 738 1065 804 inventum
1088 759 1161 804 esse

76 842 119 908 ibi
142 838 179 906 C.
202 837 442 922 Pompinium⁷
468 838 657 906 libertinum
686 838 820 906 mimum
850 857 970 922 magno
991 847 1081 916 natu,
1104 842 1160 924 qui

77 943 117 1010 ad
131 941 300 1011 tibicinem
322 939 483 1007 salteretr
504 942 585 1024 itaq.
611 939 737 1023 gaudio
751 958 817 1005 nou
840 940 1032 1024 interruptae
1054 941 1161 1024 religi·

75 1045 143 1112 onir
170 1041 301 1108 editam
331 1061 446 1108 vocem
484 1060 570 1105 nunc
599 1059 702 1123 quoq.
740 1041 923 1107 celebrari:
957 1047 992 1106 at
1025 1042 1058 1105 in
1096 1041 1159 1108 boc

74 1146 153 1213 libro
169 1143 271 1213 refert
291 1143 400 1208 sinnii
415 1142 592 1226 Capitonis
609 1144 708 1213 verba
722 1143 845 1228 quibus
861 1162 922 1208 eoa
944 1141 1039 1208 ludos
1055 1142 1161 1226 Apol·

71 1246 191 1314 linares
206 1244 365 1323 Claudio,
380 1253 413 1312 ot
428 1245 549 1312 Fulvio
564 1264 635 1312 cos·
657 1244 765 1314 sacrm
781 1244 862 1314 dicit
874 1265 917 1310 ex
939 1245 1034 1310 libris
1049 1245 1161 1326 Sibyl·

71 1349 157 1440 linis,
172 1359 206 1412 et
222 1346 383 1412 vaticinio
401 1345 464 1412 Μ.8
487 1347 575 1412 vatis
590 1347 776 1426 institutos,
791 1367 851 1412 nec
867 1347 1054 1414 nominatur
1070 1347 1160 1412 ullus

70 1447 291 1534 Pomponius,
302 1447 472 1530 ridiculeq.
495 1447 537 1514 de
566 1447 627 1530 ip.⁹
728 1494 736 1512 .
821 1449 1048 1534 appellatione
1063 1469 1160 1531 para·

71 1551 204 1616 sitorum
227 1546 400 1633 Apollinis
427 1550 481 1628 bic
503 1570 639 1618 cansam
662 1551 779 1628 reddit,
802 1571 878 1616 cum
905 1553 939 1616 in
962 1570 1003 1616 eo
1027 1557 1160 1635 praetcr·

66 1653 168 1718 isset:
190 1650 245 1718 ait
268 1652 354 1716 enim
379 1652 428 1716 ita
452 1651 627 1736 appellari,
651 1651 742 1738 qood
764 1651 803 1718 C.
818 1651 1028 1728 Volumnius,
1043 1653 1099 1736 qui
1116 1653 1160 1718 ad

67 1752 238 1822 tibicinem
276 1753 416 1832 saltarit,
446 1753 664 1820 secundarum
692 1756 833 1838 partium
863 1754 973 1830 fucrit,
1003 1755 1060 1836 qui
1094 1753 1161 1822 rere

65 1857 220 1923 omnibus
243 1854 356 1923 mimis
378 1857 546 1938 parasitus
567 1855 753 1920 inducatur:
778 1875 878 1939 qnam
902 1856 1160 1922 inconstantiam

65 1955 171 2022 Verrii
196 1957 305 2022 nostri
323 1975 388 2022 non
404 1957 477 2022 siue
500 1957 618 2022 rubore
637 1957 759 2022 retulit.
803 1957 916 2022 Salios
937 1954 1161 2022 assuendum

62 2058 218 2126 saltando
243 2059 354 2128 dictos
374 2058 631 2141 assequenda
657 2057 801 2124 dubitari
823 2077 888 2126 non
914 2057 1043 2134 debeat,
1067 2053 1160 2136 [137]

63 2171 175 2226 tamen
204 2161 370 2231 Polemon
392 2161 439 2228 ait
452 2157 590 2228 Arcada
612 2155 778 2246 quendam
799 2161 916 2234 luisse,
939 2159 1068 2224 nomine
1098 2157 1161 2222 Sa·

60 2261 152 2340 lium,
170 2282 277 2345 quem
295 2263 424 2330 AEneas
448 2282 470 2332 a
487 2261 660 2328 Mantinea
681 2264 715 2328 in
739 2263 872 2329 ltaliam
887 2260 1076 2337 deduxerit,
1103 2259 1159 2341 qui

52 2360 199 2445 juvenes
210 2365 355 2432 Italicos
369 2361 490 2428 ἐνόπλιον
505 2365 717 2432 saltationem
729 2365 888 2432 docuerit.
931 2361 980 2428 At
991 2360 1159 2427 Critolaus

58 2465 204 2532 Saonem
224 2485 271 2532 ex
294 2465 513 2550 Samothrace
536 2457 611 2532 cum
626 2467 734 2532 AEnea
750 2467 845 2532 Deos
860 2465 1007 2531 Penates
1024 2463 1080 2547 qni
1095 2461 1161 2528 La·

57 2565 186 2632 vinium
211 2567 427 2642 transtulerit,
446 2569 568 2636 saliere
594 2587 695 2650 genus
725 2568 870 2634 saltandi
894 2565 1103 2634 instituisse:
1140 2582 1161 2630 a

55 2687 121 2750 quo
137 2668 336 2752 appellatos
353 2669 480 2746 Salios,
495 2672 588 2753 quib.
609 2691 671 2754 per
684 2672 793 2739 omnis
809 2669 892 2748 dies,
904 2670 1074 2750 ubicumq.
1089 2685 1160 2732 ma·

51 2775 143 2844 nent,
157 2769 251 2853 qnia
262 2770 385 2853 amplae
397 2780 686 2853 ponunturcaenae,
695 2773 804 2854 siquae
814 2773 889 2834 altra
903 2789 1032 2852 magnae
1044 2768 1159 2844 dum,¹¹

51 2871 198 2941 saliares
221 2870 443 2954 appellantur.
497 2872 664 2942 Salmacis
685 2874 816 2936 nomine
843 2871 990 2954 nympha
1016 2867 1103 2934 Caeli
1128 2875 1163 2937 et

48 2971 167 3040 Terrm
191 2971 273 3038 filia
294 2971 395 3038 fertur
417 2993 522 3042 causa
543 2974 647 3040 tontis
667 2973 902 3042 Halicarnassi
925 2989 1026 3054 aquae
1041 2967 1162 3052 appel·

46 3074 166 3140 landre
193 3073 307 3140 fuisse
331 3073 545 3153 Salmacidis,
559 3093 658 3159 qnam
683 3076 742 3159 qui
765 3074 919 3150 bibisset,
946 3071 1030 3136 vitio
1053 3071 1162 3152 impu·

43 3175 183 3244 dicitiac
202 3173 439 3242 mollesceretz
459 3179 502 3243 ob
517 3197 588 3244 eam
604 3195 684 3253 reru,
698 3175 788 3260 quod
811 3173 884 3259 ejus
907 3173 1020 3240 aditus
1036 3186 1162 3254 angus·

43 3286 141 3342 tatus
159 3276 329 3360 parictib.
352 3280 560 3344 occasionem
576 3279 710 3360 largitur
719 3276 871 3359 juvenib.
888 3273 1085 3357 petulantib.
1101 3291 1162 3338 un·

41 3379 325 3448 incedentium¹²
348 3399 535 3462 puerorum,
564 3380 785 3464 puellarumq.
811 3376 1057 3451 violandarum,
1081 3376 1162 3460 quia

39 3499 109 3546 non
136 3485 249 3564 patet
273 3480 444 3563 retugium.
489 3482 631 3550 Ennius:
656 3481 845 3546 salmacida
861 3477 971 3563 spolia
993 3478 1064 3542 sine
1086 3497 1162 3544 san·

37 3583 158 3664 guina,
185 3588 227 3646 et
258 3582 390 3646 sudore.
434 3583 571 3648 Saliasu
596 3583 741 3664 virgines
757 3581 895 3646 Cincius
921 3579 971 3644 ait
993 3599 1069 3644 esse
1084 3599 1161 3645 con·

36 3683 239 3764 dacticias,
260 3702 335 3768 qnae
357 3683 400 3748 ad
416 3683 529 3750 Salios
550 3683 769 3749 adhibeantur
784 3703 859 3750 cum
875 3683 1000 3766 apicib.
1023 3681 1162 3767 paluda-

65 3955 81 3999 6
102 3947 125 3999 f.
145 3947 279 3998 masao
289 3947 449 3998 oderam—d
466 3947 484 4000 s.
500 3950 720 4012 intermedia-i
735 3946 756 3998 f.
769 3947 983 4008 Pomponiam-8
1000 3943 1163 3994 tuma..-

30 4019 48 4062 o
66 4013 88 4064 f.
106 4013 264 4077 ipra-1⁰
280 4008 299 4059 f.
314 4012 487 4064 naara-11
507 4011 525 4064 i.
541 4018 670 4066 ἰιι-19
687 4011 706 4062 s.
723 4011 888 4062 maurina

566 4161 671 4214 NO'PAE

391 4263 403 4290 ¹
420 4255 510 4320 Salias]
528 4256 593 4308 Vide
605 4259 631 4308 in
642 4260 649 4287 ⁴
659 4255 840 4322 Regifugium!
