2934 4864
488 415 763 467 raaeunnuun.
1075 405 1166 471 1109

79 555 166 640 glum
180 556 253 620 item
267 555 329 620 dies
349 565 476 620 notetur
497 557 530 619 in
556 555 666 636 Funis,
691 557 772 622 Kal.
791 557 919 623 Juniis:
935 559 990 643 qai
1003 557 1076 636 dies,
1089 561 1163 644 quia

83 667 165 720 tetus
177 655 314 743 aesarius
325 669 446 736 nonest,
456 659 520 741 legi
536 659 720 724 debetcum
734 669 807 722 notu
822 655 874 721 N’.
889 679 949 722 aon
966 657 1007 725 N.
1017 658 1099 744 quud
1111 658 1164 723 ille

82 758 145 820 dies
157 758 228 822 site
242 759 370 824 nefasto
383 761 501 824 fastus.
531 757 631 844 Regia
646 758 741 834 dictu,
750 758 800 822 uel
811 759 894 844 qued
905 780 1061 823 sucronem
1072 781 1164 822 caasa

81 869 239 942 tunquam
255 860 290 922 in
305 860 415 924 sanum
431 881 453 924 a
468 860 621 943 Pontifice
636 861 801 938 ceaaoeati,
817 860 851 923 in
870 882 936 925 eum
951 862 1161 926 convenirent.-

82 966 141 1022 ant
152 960 242 1042 qued
257 961 292 1023 iu
311 979 362 1031 ea,
375 981 467 1026 sacra
481 982 501 1023 a
518 959 603 1046 Rege
616 959 788 1045 sacrificale
798 971 886 1025 erunt
897 960 991 1026 solita
1001 963 1163 1046 usurpari.

83 1056 191 1145 Regin
213 1059 310 1146 seria
340 1061 427 1125 dictu
456 1060 610 1143 uidentur,
640 1084 714 1149 quen
739 1063 818 1126 finni
839 1063 913 1139 iuri,
935 1075 1112 1140 conuentus,
1134 1072 1163 1126 et

81 1159 291 1226 nundinarum
306 1185 398 1226 cuasa
414 1164 446 1226 in
462 1155 597 1230 civitate
609 1165 752 1249 aliquem
768 1185 827 1247 per
840 1162 1038 1241 sacerdotem,
1056 1163 1112 1248 qui
1124 1163 1164 1226 sit

80 1261 167 1345 regie
189 1265 376 1349 majestate:
399 1266 459 1331 sed
482 1285 548 1329 nou
569 1287 683 1350 semper
701 1265 739 1328 ob
757 1263 835 1327 lune
850 1283 944 1328 unum
958 1285 1079 1328 cuasam
1094 1275 1165 1327 tan·

81 1373 162 1440 turn,
177 1365 257 1447 qni⁸
271 1365 397 1432 bomini
411 1367 490 1432 talis
503 1367 667 1453 mejestatis
682 1389 756 1432 cara
772 1365 868 1430 datar
881 1367 985 1446 etium,
999 1387 1067 1430 eam
1082 1367 1165 1449 espi-

79 1465 146 1527 atio
159 1467 247 1531 ictas
259 1467 400 1550 fulguris
415 1468 460 1546 fit,
480 1477 536 1532 aut
558 1468 590 1531 iu
607 1467 803 1552 procurando
825 1478 964 1552 portento
978 1467 1082 1544 sinnii,
1097 1487 1163 1551 quo

79 1556 183 1646 regiae
204 1567 290 1632 ferire
302 1567 383 1651 fleri
403 1568 496 1632 etiam
516 1568 611 1632 solite
635 1578 717 1632 suan
763 1566 955 1652 lieglescit,¹
978 1588 1054 1634 eum
1078 1568 1164 1633 dixit

80 1661 229 1746 Plautus,
242 1668 395 1754 siguificat
415 1669 530 1747 crescit,
544 1669 604 1735 lue
623 1690 741 1736 versu:
768 1669 841 1734 vix
863 1689 1032 1751 supersum
1052 1665 1163 1745 doleri,

80 1766 138 1852 qui
147 1767 241 1832 indies
253 1789 314 1834 aue
326 1771 446 1834 misero
459 1771 539 1834 mibi
559 1792 600 1837 ae
620 1771 751 1854 perdite,
773 1770 908 1856 reglescit
927 1770 1035 1856 magis,
1050 1769 1163 1854 magia·

80 1889 159 1952 que:
194 1870 270 1934 inde
291 1872 391 1936 etiam
413 1871 512 1954 glires
534 1873 602 1954 [88]
624 1873 705 1937 dieti
719 1874 880 1949 sidentur,
896 1873 1018 1956 quibus
1039 1888 1162 1952 eorpus

79 1971 308 2054 pinguitudine
324 1973 496 2038 adcrescit.
520 1973 655 2057 Beapse
670 1981 721 2038 est
734 1976 849 2055 reipsa.
875 1972 1041 2035 Pacuvius
1050 1971 1084 2032 in
1100 1969 1163 2034 Ar-

78 2090 206 2134 morum
217 2072 367 2155 judicie:
390 2073 428 2136 si
441 2093 508 2138 uon
523 2081 577 2138 ast
591 2075 752 2155 ingratum
763 2093 879 2156 reapse
889 2071 979 2154 quod
992 2070 1055 2135 ieci
1066 2072 1161 2134 bene.

78 2169 241 2253 Regimen
255 2194 316 2257 pro
332 2177 515 2257 regimenta
529 2184 691 2257 usurpant
705 2173 826 2258 podiae.
870 2173 997 2236 Ennius
1008 2172 1067 2237 lib.
1080 2187 1161 2265 uvi.

76 2273 212 2337 Primus
226 2293 330 2340 senex
346 2277 470 2358 bradyn
484 2273 573 2360 (in)⁹
595 2275 740 2356 regimen
755 2274 868 2356 belliq.
884 2275 1017 2355 peritus.
1061 2270 1162 2334 Rele-

76 2375 180 2454 gaam
202 2374 356 2441 dicuntur
370 2379 511 2460 proprie,
528 2377 621 2459 quib.
640 2376 826 2458 ignumiuiae
842 2381 900 2438 aut
927 2391 1036 2456 poeuae
1057 2389 1161 2436 causa

74 2493 217 2538 necesse
240 2483 291 2540 est
312 2478 354 2540 ab
381 2479 460 2541 urbe
484 2477 607 2553 Roma,
631 2477 742 2541 aliove
765 2495 831 2558 qun
848 2476 926 2538 loce
941 2474 1062 2536 abesse
1077 2472 1159 2554 lege,

74 2575 252 2659 Senatuiq.
266 2578 433 2651 consulto,
448 2583 505 2641 aut
519 2577 628 2641 edicto
644 2577 863 2658 magistratus,
883 2580 921 2637 ut
937 2574 1035 2636 etiam
1048 2571 1159 2665 AElius

74 2675 203 2740 Gallus
223 2679 359 2742 indicat.
405 2678 613 2760 Religiosus¹²
635 2685 686 2743 est
703 2696 768 2742 nun
785 2675 883 2740 mode
900 2673 1047 2738 Deorum
1063 2691 1161 2736 saue·

72 2779 206 2843 titatem
234 2781 343 2861 magni
371 2781 552 2858 (estimans,
581 2780 639 2844 sed
669 2781 769 2843 etiam
800 2775 969 2840 officiosus
1001 2774 1159 2838 adversus

71 2878 245 2943 homiues:
269 2879 341 2944 dies
356 2888 466 2945 autem
487 2880 643 2962 religiosi,
661 2880 750 2962 quib.
765 2877 830 2940 nisi
844 2874 933 2958 qaod
949 2893 1083 2938 neeesse
1097 2879 1157 2946 est,

70 2979 173 3042 net'as
197 2980 331 3044 babetur
351 2979 477 3046 iacere:
502 2979 622 3064 quales
641 2989 718 3044 sunt
730 2997 792 3041 sex
805 2985 840 3040 et
853 2975 990 3054 triginta
1003 2973 1077 3048 atri,
1099 2972 1158 3053 qui

69 3079 297 3162 appellantur,
312 3089 345 3145 et
360 3081 416 3145 alii
429 3101 521 3145 senes
532 3101 541 3162 ;
552 3085 585 3158 ¹⁰,
603 3088 671 3164 atq.
693 3079 763 3151 hi‚¹¹
787 3076 878 3160 quib·
898 3073 1040 3136 mundus
1055 3075 1158 3152 Patet·

71 3201 98 3245 a
113 3187 142 3218 ¹²
168 3199 241 3245 esse
261 3181 381 3246 Gallus
404 3181 523 3261 AElius,
539 3182 628 3266 quud
643 3181 765 3245 homiui
780 3179 827 3242 ita
841 3177 949 3240 iacere
964 3171 1157 3245 baelicam,

102 3549 120 3594 8
139 3541 161 3594 i.
171 3545 284 3607 qaia-tt
300 3543 404 3609 ().-1⁰
420 3543 437 3592 i.
449 3549 473 3594 et
484 3544 670 3594 Alliensis-ll
688 3539 708 3591 i'.
720 3541 812 3589 in-ta
828 3534 847 3586 i.
859 3550 875 3584 a
887 3532 1040 3594 Religionum.

566 3752 669 3804 NOTAE

99 3879 107 3914 ¹
129 3879 264 3942 Quina]
277 3879 308 3928 iu
319 3880 431 3943 epitoma
441 3879 597 3941 manuscrip·
635 3877 759 3940 θωπείᾳ.
775 3875 887 3928 ruarmo,
904 3884 950 3934 pru
967 3869 1084 3920 Sensim
1101 3862 1156 3947 pis·

54 3965 95 4006 ta
108 3964 164 4018 ast,
176 3954 303 4017 Regnum,
318 3962 346 4003 et
361 3954 387 4002 id
402 3954 469 4020 qnod
487 3954 554 4004 iutra
564 3953 597 4002 ds
636 3961 677 4002 eat
691 3961 719 4001 ut
731 3966 777 4016 pre
788 3949 950 4010 mistum,
960 3944 1059 4005 legatur
1069 3950 1156 3998 mgn-

50 4031 160 4097 glirib.
183 4029 283 4086 dieitur,
311 4029 410 4080 indicat
436 4029 597 4082 scribendum
634 4034 735 4080 eranar.
1101 4086 1107 4099 .

46 4119 125 4158 0⁸⁸0
140 4104 271 4166 quacd.
666 4111 678 4136 ¹²
691 4099 839 4163 Religioraa]
850 4095 934 4146 Livius
945 4091 989 4141 tib.
999 4102 1037 4140 vr·
1057 4085 1154 4174 rithen-

95 4190 117 4216 ¹
136 4181 265 4245 Relegsti]
283 4181 346 4232 Cum
362 4182 388 4232 iu
402 4179 543 4244 exemplari
553 4180 599 4244 sit,
636 4194 689 4231 seru
700 4178 768 4228 diem
780 4181 819 4228 lb.
832 4174 890 4226 Kal.
900 4171 974 4234 Sept.
984 4179 1041 4218 ease
1051 4171 1097 4213 art.
