2934 4864
449 361 452 366 Α
476 341 750 396 nnnunnnrun·
1080 327 1167 396 1165

96 505 190 562 unum,
209 485 270 550 ubi
291 503 379 550 nune
401 484 558 551 estradis
579 486 777 552 Concordiae
798 488 882 554 inter
903 486 1118 570 Capitolium·
1132 497 1168 556 et

96 591 219 666 Furum3
243 588 276 650 in
292 606 360 670 quo
376 585 534 651 solebant
548 588 761 669 magistratus
779 589 822 652 D.
835 587 890 653 ΤΡ
915 609 988 653 num
1009 591 1168 656 seniorib.

95 689 281 754 deliberare:
304 688 455 766 alterum,
477 687 520 754 ad
542 694 672 771 portum
696 688 887 772 Capenam:
913 690 1055 765 tertium,
1084 691 1169 756 citra

94 790 183 856 adem
193 788 356 865 Bellonae,
370 790 404 852 in
419 808 489 871 qno
504 794 691 853 exterarum
705 791 878 854 nationum
891 790 1020 870 legatis,
1036 809 1119 874 quos
1132 792 1171 869 in,

91 890 190 956 urbem
204 889 373 954 admittere
387 891 553 964 nolebant,
576 897 712 954 uenatus
727 890 877 954 dabatur.
922 890 1055 955 Scholae
1070 890 1168 956 dicim

90 998 168 1066 sunt,
181 1009 245 1054 non
257 991 301 1056 ab
315 992 383 1054 otio
398 1008 439 1056 aa
453 991 630 1056 vacatione
645 992 746 1068 omni,
768 991 827 1055 sed
843 991 945 1074 quod,
960 993 1082 1056 ceteris
1096 993 1166 1055 reb.
1274 1032 1279 1045 ι

90 1092 221 1169 omissis,
231 1109 351 1155 vacare
366 1092 528 1156 liberalib.
544 1091 664 1156 studiis
679 1091 772 1174 pueri
783 1092 917 1170 debent,
928 1101 966 1156 ut
979 1094 1082 1157 etiam
1095 1091 1167 1157 iudi

89 1192 297 1276 appellantur,
308 1193 342 1256 in
352 1194 474 1276 quibua
486 1193 619 1256 minime
631 1191 767 1270 luditur,
776 1212 818 1256 ne
827 1193 913 1258 tristi
936 1193 1029 1276 [154]
1051 1193 1166 1276 uliquo

88 1293 209 1358 numine
221 1291 349 1372 fugiunt
359 1292 451 1375 pueri
463 1313 516 1356 ruo
517 1289 621 1377 fungi
634 1311 774 1356 munere.
818 1294 934 1358 Subiui
950 1293 1028 1360 aries
1042 1291 1168 1371 dicitur,

85 1392 136 1478 qui
156 1392 273 1478 egitur,
295 1403 331 1454 ut
353 1392 509 1457 cudatur.-
538 1393 630 1477 quod
654 1393 693 1458 fit
717 1397 768 1470 (ut
790 1395 837 1458 ait
861 1395 998 1460 Cincius
1026 1395 1060 1458 in
1088 1393 1168 1458 libre

86 1492 119 1556 dt
137 1492 229 1576 witin
240 1491 513 1578 jurisconsulti)⁷
534 1493 689 1576 exemplo
715 1492 960 1571 Atheniensium,
983 1493 1069 1578 apud
1095 1517 1168 1580 quor

83 1594 238 1678 expiandi
270 1593 379 1676 gratia
409 1596 495 1660 aries
519 1593 653 1678 inigitur
684 1593 725 1657 ab
751 1614 796 1670 eo,
821 1595 875 1679 qui
897 1595 997 1663 scelus
1020 1596 1168 1673 admisit,

83 1716 185 1778 poenae
200 1693 365 1777 perdenda·
380 1694 453 1760 lucu.
489 1695 625 1780 Speciem
635 1716 735 1780 quam
746 1696 971 1775 nosdicimus,
983 1695 1049 1770 ritu
1065 1693 1170 1760 Gruci

80 1795 230 1860 mmet.
276 1793 401 1860 Pluton
424 1796 558 1880 qnidam
579 1796 696 1860 idean:
727 1793 812 1858 nobis
840 1796 948 1880 species
972 1819 1033 1880 pro
1062 1796 1167 1860 eudem

77 1901 218 1982 ponitur.
270 1899 431 1964 Sestertir
462 1907 543 1962 notu
575 1895 660 1980 apud
688 1896 829 1981 antiquos
849 1895 924 1981 suit
952 1897 1110 1982 dupondi,
1133 1907 1168 1962 et

78 2000 251 2064 semissis:
288 1997 369 2061 unde
405 1998 557 2062 sertertius
591 1997 691 2060 dictus
723 1996 807 2081 quod
839 1997 1052 2063 semistertius.
1101 1999 1168 2064 Sed

78 2099 212 2164 auot0s⁸
243 2105 296 2166 eat
325 2098 402 2162 bello
430 2093 551 2162 Punico
582 2097 730 2162 necundo:
760 2097 849 2181 apud
874 2099 1030 2181 antiquos
1058 2107 1169 2166 autem

74 2193 234 2278 denniim,
256 2210 285 2264 et
306 2200 478 2286 quinquenii
503 2201 537 2264 in
563 2221 618 2264 unu
648 2207 749 2277 erant,
774 2205 809 2263 et
838 2199 996 2264 valebant
1020 2200 1168 2264 denarius

73 2301 165 2365 dener
188 2322 278 2379 usses,
293 2300 487 2386 quadrigati,
502 2299 623 2384 bigati:
646 2301 835 2384 quinquenii
849 2299 974 2385 quium:
997 2297 1050 2364 red
1069 2311 1168 2387 uterq.

70 2412 185 2466 auctu-r
221 2409 283 2480 est,
318 2422 490 2467 numerum
522 2402 600 2466 oeris
635 2402 853 2484 perductum
888 2422 947 2465 ene
983 2401 1073 2465 niunt
1103 2401 1168 2488 tege

72 2501 246 2568 Huminia
275 2504 385 2566 minus
409 2500 574 2580 solvendi,
597 2521 669 2564 cum
699 2523 758 2565 ure
782 2499 884 2564 alieno
909 2509 1101 2585 premeretur
1127 2503 1168 2568 P.

68 2603 113 2668 R.
154 2603 275 2669 Suiida
294 2603 400 2680 seila,³
423 2604 470 2667 uit
489 2599 626 2680 Verrius,
641 2599 742 2665 redere
764 2613 827 2666 tum
844 2602 911 2687 quir
927 2603 1074 2687 jubetur,
1093 2619 1170 2670 cum

66 2725 171 2770 mane
202 2725 342 2787 surgens,
366 2702 548 2788 umpicnndi
573 2704 681 2788 gratia
713 2703 891 2788 evigilavit,
915 2705 1007 2788 qnod
1039 2705 1170 2789 antiqui

64 2821 227 2888 exprese,
252 2803 362 2889 nihilq.
385 2803 425 2867 ab
450 2803 599 2867 interiore
624 2809 717 2886 parte
748 2810 938 2880 excavatur,
964 2813 1021 2866 aut
1048 2803 1169 2866 laxatur

48 2903 250 2990 faciebant
264 2907 380 2970 sedes:
404 2924 490 2989 quas
513 2901 609 2980 sedes,
632 2901 745 2965 solidus
767 2902 846 2980 ideo,
869 2901 952 2987 quod
965 2905 999 2968 in
1016 2905 1068 2967 iris
1089 2903 1169 2968 nihii

60 3017 142 3071 erat
172 3027 361 3078 concavum,
382 3006 512 3070 manime
535 3002 754 3087 appellabunt,
778 2999 889 3086 inquit
907 3003 1059 3080 Verrius,
1079 3002 1169 3087 quod

56 3107 191 3172 scilicet
212 3117 307 3174 errent
329 3117 419 3171 tutu:
442 3105 596 3183 absurde,
618 3112 656 3168 ut
675 3104 755 3168 mihi
776 3104 919 3177 videtur,
942 3125 1009 3167 cum
1031 3124 1116 3166 omne
1136 3101 1172 3165 id

56 3208 153 3294 quod
168 3210 218 3273 sit
233 3219 349 3286 totum,
363 3209 410 3272 ait
424 3208 552 3272 dictum
564 3205 720 3270 solidum.
767 3201 904 3267 Siiatum
919 3203 1041 3289 antiqui
1054 3223 1115 3287 pro
1127 3224 1170 3269 eo

53 3309 163 3394 quud
190 3329 280 3374 nnnc
297 3308 521 3392 jantaculum‘
545 3305 695 3383 dicimur,
722 3303 932 3389 appellabant,
956 3307 1036 3389 quia
1058 3305 1168 3390 jejuni

89 3611 109 3655 6
130 3603 155 3654 i'.
170 3603 362 3654 ‹tantumn-t
379 3601 472 3668 ().-8
488 3599 508 3653 f.
523 3607 664 3652 auctu-9
680 3599 700 3651 s.
708 3603 855 3665 productum.

572 3745 679 3800 NOTAE

82 3855 95 3880 Γ
116 3843 254 3908 Sestertr]
266 3841 334 3893 Vide
345 3843 576 3896 iu‘Sextantnrii.'
679 3839 1169 3902 'duntmniunretjqinaiertiuexern·

78 3932 90 3956 ⁸
114 3920 224 3971 Solidn
242 3918 312 3982 reim]
343 3919 413 3969 Vide
435 3921 461 3968 in
482 3921 608 3970 ‘silentio
648 3919 723 3982 pirri.
746 3918 905 3968 Gimtnriuur
922 3917 983 3965 item
1001 3916 1170 3968 habet‘Jnn·

40 4009 179 4060 turgere
192 3994 215 4044 ε’
240 4003 269 4044 ut
287 3996 314 4044 in
334 3995 459 4046 ‘Silerer'
484 3995 608 4047 videndus
647 3999 696 4053 tat,
708 3990 843 4053 inperitum
854 3990 1170 4055 ‘Jmtneutumtrmus

40 4075 139 4126 etiam
166 4071 269 4122 Liriur
289 4070 370 4122 iib.x·
385 4086 481 4135 cuprea
496 4073 572 4124 unico
587 4087 608 4135 r,
648 4069 732 4120 Quam
751 4067 853 4132 quidem
881 4069 1037 4130 scripturam
1066 4070 1091 4119 in
1114 4071 1170 4122 niiir

40 4154 181 4216 mtiqua
199 4148 340 4212 scriptura.
648 4145 725 4195 etiarn
734 4145 914 4208 manuscriptis
923 4145 994 4194 iibrir
1006 4145 1122 4197 uidimus.
