2934 4864
284 387 369 452 1148
613 397 725 448 suxrr
755 395 908 445 uonrnn
935 395 1040 446 resur

284 553 346 624 tas,
368 561 453 626 quas
466 539 576 606 AElins
601 539 689 606 Stilo
711 540 846 624 scripsit
867 538 1070 604 sacrificium
1085 535 1203 601 lacere
1226 535 1263 599 iu
1277 533 1375 618 Regia

283 665 359 709 cnm
375 641 539 708 Pontibus
554 640 729 726 paludatas
744 659 820 705 cum
841 641 965 725 apicib.
987 639 1023 703 in
1045 639 1190 703 modum
1207 637 1375 703 Saliorum.

284 743 454 829 Spondere
480 740 617 807 Verrius
638 747 734 825 putat
753 739 894 818 (lictum,
909 740 999 824 qnod
1023 747 1147 824 sponte
1163 759 1245 816 sna,
1269 739 1301 803 id
1321 747 1375 817 ost,

283 848 468 923 volontate,
495 843 723 927 promittatur:
765 842 885 907 deindo
920 841 1045 906 oblitus
1082 840 1248 905 inferiore
1276 839 1375 924 capite

285 964 442 1032 sponsum
456 952 490 1010 at
504 961 719 1030 sponsameu
734 942 859 1008 Graeco
881 943 1006 1008 dictam
1030 943 1090 1021 ait,
1106 941 1205 1026 quod
1229 941 1376 1013 ἱὶποιδὲς

284 1046 487 1132 interpositis
517 1047 584 1111 rab.
612 1044 734 1110 divinis
761 1045 899 1109 faciant.
954 1043 1100 1108 Salicem
1131 1043 1229 1108 idem
1256 1043 1375 1126 virgulti

285 1169 397 1234 ganne,
410 1167 477 1212 non
502 1147 629 1211 arboris
652 1146 744 1223 dicit,
768 1155 804 1212 et
827 1145 965 1211 ridicule
986 1147 1227 1230 interpretatur
1249 1145 1374 1223 dictam,

285 1251 378 1335 quod
405 1269 446 1314 ea
460 1247 628 1314 celeritate
646 1253 784 1320 crescat,
799 1253 841 1313 ut
854 1247 951 1312 salira
972 1248 1137 1312 nidenan.
1183 1247 1336 1313 Salicum
1347 1251 1376 1312 iu

284 1371 402 1416 mensa
415 1370 475 1435 pro
500 1349 614 1434 aquali
635 1349 763 1414 solitum
786 1368 861 1414 asse
882 1349 961 1434 poni
983 1351 1032 1414 ait
1052 1369 1129 1414 cnm
1145 1349 1289 1432 patella,
1302 1351 1374 1432 qnia

284 1453 366 1518 nihil
380 1453 470 1518 alind
493 1454 538 1516 sit
560 1452 623 1530 sal,
637 1469 737 1538 quum
752 1469 848 1536 aqua
891 1451 1084 1516 Salentiuos
1108 1471 1130 1514 a
1156 1451 1236 1516 salo
1260 1451 1374 1528 dictos,

285 1555 413 1632 Gratas,
428 1560 464 1618 et
477 1553 622 1638 Illyrios,
635 1553 694 1638 qui
707 1573 782 1618 cum
802 1551 997 1618 Locrensib.
1021 1553 1225 1635 navigantes
1245 1554 1375 1620 societu-

284 1663 354 1720 tom
368 1656 512 1732 fecerint,
525 1655 599 1739 ejus
613 1653 704 1733 [138]
718 1655 863 1736 regionis
878 1655 999 1732 ltaliae,
1010 1671 1112 1739 quam
1127 1653 1261 1718 dicunt*
1275 1653 1315 1718 cib
1328 1655 1374 1718 eis.

287 1755 473 1821 Sorcnlorery
495 1755 563 1819 lodi
577 1755 740 1841 Tarquini
757 1757 897 1841 Superbi
911 1758 999 1840 rogis
1015 1755 1047 1819 in
1063 1775 1144 1840 agro
1159 1765 1235 1819 eunt
1243 1756 1373 1840 priunrn

274 1853 374 1943 sacti,
396 1877 485 1942 qnam
510 1855 612 1922 Marti
636 1857 847 1923 consecrauit
872 1855 914 1923 P.
939 1853 1080 1919 Valerius
1108 1853 1271 1940 Poplicola
1294 1857 1376 1921 Cos.

285 1959 374 2045 quod
396 1958 541 2043 populns
557 1956 601 2021 R.
613 1959 648 2022 iu
661 1957 724 2021 loco
738 1955 792 2021 illo
808 1967 900 2021 anteo
916 1967 1069 2042 repertum
1083 1977 1176 2022 aram
1189 1977 1292 2044 quoq.
1306 1951 1375 2024 Diti

286 2079 328 2125 ac
347 2057 538 2144 Proserpina
552 2068 790 2138 consecraverat,
805 2058 838 2121 iu
853 2057 1000 2124 e'xtremo
1016 2055 1140 2122 Martio
1154 2054 1288 2143 Campo,
1299 2057 1377 2145 qnod

289 2157 451 2226 lbrerrtnm
461 2161 652 2246 appellatur,
662 2160 840 2226 demissam
851 2158 937 2247 infru
948 2157 1250 2246 terrumpedesfere
1258 2161 1374 2244 viginti,

286 2265 319 2328 in
346 2286 412 2352 qna
430 2286 491 2350 pro
514 2263 604 2328 molis
626 2261 798 2328 armandis
815 2261 950 2347 populor
970 2262 1014 2327 R.
1035 2263 1261 2327 lacerassem
1274 2261 1376 2326 solitu

284 2377 362 2430 erut.
407 2363 512 2430 Ludos
533 2375 636 2449 posteo
651 2363 808 2429 nuenbret
822 2371 856 2430 et
870 2366 1098 2448 nonagensimo
1112 2385 1209 2450 quoq.
1224 2387 1305 2428 anno
1317 2364 1375 2454 sn·

284 2487 349 2530 cere
363 2465 407 2528 ibi
421 2466 510 2550 cupit
530 2465 679 2551 Popillio
692 2465 829 2531 munta
845 2463 1022 2530 Dnurnor'ro
1042 2488 1226 2530 sacrorum.-
1246 2467 1279 2530 in
1292 2465 1374 2553 quib.

284 2565 395 2632 hostiis
408 2568 525 2631 torulis
544 2574 594 2631 est
612 2577 754 2652 opermm
779 2567 878 2633 tribue
898 2566 1014 2647 dubus,
1033 2567 1196 2652 totidemq.
1213 2571 1376 2648 noctibus,

284 2687 324 2734 ac
355 2666 469 2734 deinde
493 2667 667 2732 institutum
697 2679 914 2748 unquentum
941 2677 1022 2754 post
1046 2689 1168 2749 uunoS,
1195 2677 1234 2735 ut
1251 2670 1376 2754 fierent.

173 2857 175 2862 Ι
287 2767 373 2836 Unde
387 2769 529 2834 videntur
543 2771 710 2836 saculares
723 2772 897 2856 appellati,
907 2769 990 2855 qnod
1000 2780 1119 2835 centurn
1133 2791 1290 2834 annorum
1304 2793 1375 2855 spa·

284 2871 361 2936 tr'nm
375 2871 491 2937 saeculi
505 2871 656 2937 habetur.
702 2870 883 2937 Scutilom'
898 2882 987 2936 tenne
1002 2881 1031 2936 et
1045 2893 1182 2934 umorum
1198 2871 1329 2950 dicitnr,
1343 2893 1377 2935 er

284 2973 419 3052 Groec0,
443 2980 480 3037 ut
502 2992 578 3038 cum
597 2973 732 3039 dicimus
754 2971 896 3038 sentilam
918 2972 1078 3052 bominem,
1093 2973 1207 3038 etalem
1230 2974 1378 3058 aliquem

284 3075 536 3140 demonstramus
556 3073 590 3136 in
604 3095 663 3160 qno
680 3073 828 3158 pelliculo
841 3085 974 3139 tuntum.
1020 3073 1060 3138 In
1074 3095 1201 3159 pompa
1215 3075 1315 3139 aliud
1331 3077 1379 3140 ‹ti-

285 3175 379 3239 cimns
392 3175 547 3256 sentilam,
562 3188 597 3240 nt
612 3175 753 3240 videatur
768 3179 913 3244 scutilum
929 3179 970 3243 da
986 3179 1115 3242 scrutilo
1130 3176 1311 3240 demnatum
1329 3177 1381 3240 ‹le-

285 3277 412 3343 tritor.
444 3277 545 3356 litero,
569 3278 640 3364 sitq.
665 3279 701 3352 is,
726 3282 783 3363 qui
806 3281 928 3345 virtute
951 3289 1055 3364 potest
1077 3277 1214 3342 scrutari
1220 3301 1230 3339 .·
1267 3278 1324 3342 red
1345 3299 1381 3341 er

287 3376 395 3443 Gruco
420 3400 526 3444 nornen
546 3379 673 3466 factuam
698 3384 830 3460 scutilo,
855 3402 932 3448 cum
958 3381 1131 3448 coriarium
1155 3378 1238 3465 signi
1301 3402 1381 3443 nus.

287 3475 492 3563 squalidum·
506 3482 662 3548 incultum
684 3491 719 3548 ct
739 3483 901 3550 sordidum
920 3484 965 3548 uit
985 3479 1110 3547 Verrius
1132 3481 1214 3566 signi
1276 3503 1322 3556 re,
1334 3483 1380 3545 sie

326 3665 330 3672 .
770 3591 881 3669 noru'

314 3698 327 3724 ¹
346 3691 425 3748 Quen
440 3693 534 3757 cibant]
552 3693 582 3744 lu
599 3697 741 3760 exemplari
756 3705 805 3760 eet,
876 3706 886 3731 ¹
901 3695 1029 3760 mitten]
1046 3697 1086 3746 Ex
1097 3695 1192 3745 tameo
1202 3695 1295 3746 σιῖπι
1306 3697 1378 3746 ride-

283 3781 352 3832 gtnnn
366 3767 505 3832 rl...qnod
525 3783 661 3831 operarum
675 3771 739 3821 vitio
754 3787 804 3823 uon
845 3781 888 3824 tur
910 3775 1003 3824 Fertne
1020 3773 1131 3823 eeetitnrn
1149 3769 1382 3827 deduxissem·

281 3843 562 3908 itepleoeenpreeeum
573 3852 631 3898 este
650 3845 805 3912 erenfreg·
844 3851 938 3900 erilem
960 3851 1071 3914 aliquem
1097 3845 1249 3910 significet:
1280 3849 1383 3914 relique

282 3926 371 3970 mento
381 3933 427 3969 nor
438 3917 556 3983 teeimne,
566 3935 634 3983 quen
643 3922 734 3975 aaut.
845 3940 896 3976 unu
907 3935 986 3991 egent
996 3926 1149 3989 interprete.
1166 3921 1276 3974 Videiu
1287 3925 1382 3974 ‘Hem
1452 3906 1457 3929 ¹

314 3993 478 4060 reanum]
491 3996 577 4046 Acron
585 3997 611 4046 iu
620 3997 806 4050 Horetcerm.
846 3999 944 4050 dncne'

282 4069 349 4120 Sene.
364 4071 448 4120 ‘nudi
460 4074 598 4122 seculares
608 4073 688 4122 ternis
696 4072 764 4124 dieb.
776 4087 807 4124 ee
877 4081 889 4108 ⁸
905 4071 1055 4139 Mediam]
1074 4071 1193 4137 Agelline
1204 4071 1255 4124 lib.
1274 4087 1311 4124 ιι.
1322 4090 1382 4138 σιμ.

281 4142 379 4194 auctib.
389 4145 532 4208 agebantur
543 4163 590 4214 pro
601 4149 672 4199 cnltn
680 4150 746 4200 Bolia
754 4151 805 4215 (lle,
846 4155 871 4200 6.
881 4151 889 4179 ⁴
899 4148 1038 4216 aqu-tere:
1046 4149 1141 4212 inquit,
1151 4149 1160 4177 ‘
1169 4148 1273 4199 dietum
1282 4165 1300 4200 e
1307 4166 1381 4217 equ·
1459 4157 1460 4176 ¹

282 4220 310 4263 et
321 4223 398 4266 noete
411 4219 509 4269 bunut
846 4241 944 4278 merum
962 4225 1111 4282 crebritete,
1131 4227 1308 4292 aperituteq.
1321 4241 1380 4294 qe:
