2934 4864
343 373 456 428 suxur
482 377 633 426 rournu
659 375 762 426 resur
788 378 954 430 senuna.
1110 366 1198 434 1183

117 521 244 606 quidam
258 519 371 598 etiarn,
383 521 440 604 qui
457 519 707 604 manipularem,
718 523 800 606 quia
814 523 918 588 intimi
932 524 977 588 sit
991 524 1126 605 ordinis,
1137 544 1199 610 ap·

117 625 269 706 pellatam
295 623 431 687 credant
454 623 667 688 ordinarium.
712 623 858 689 Ornatus
882 625 1014 704 dicitur,
1040 633 1074 692 et
1098 627 1198 692 bonis

117 726 237 790 artibus
265 725 463 802 instructus,
489 729 523 788 et
549 725 694 789 bonores
722 724 866 808 adeptus
890 744 911 788 a
937 727 1076 810 populo:
1099 728 1198 792 etiarn

116 825 200 910 [173]
223 827 307 890 bene
321 834 431 910 aptus,
444 832 483 888 ut
496 825 605 899 miles,
619 833 677 888 aut
697 825 879 907 gladiatam
900 833 934 890 et
953 833 1086 892 acturus
1105 828 1201 892 sabu-

115 927 172 994 las.
213 925 294 1011 ¹atq.
309 933 344 991 et
358 933 495 991 ornatus
509 926 630 990 dicitur
645 926 754 992 cultus
769 929 856 1010 ipse,
872 947 940 1011 quo
957 929 1032 1012 quis
1046 935 1203 994 ornatura

115 1037 232 1094 utcum
243 1027 386 1092 dicimus
396 1027 545 1110 aliquem
560 1027 689 1110 tragico
696 1027 748 1092 vel
764 1029 894 1093 comico
908 1038 983 1094 ortu
996 1031 1131 1114 prodire
1191 1077 1200 1096 .

115 1230 303 1296 orestiades
318 1229 487 1312 nymphae3
506 1231 663 1296 montium
678 1230 846 1296 cultrices.
890 1231 982 1298 Ordo
994 1234 1201 1300 sacerdotum

114 1333 290 1397 aestimatur
305 1331 451 1394 Deorum
469 1329 508 1395 al
597 1377 604 1393 .
690 1331 859 1396 maximus
870 1333 982 1419 quisq.
1027 1333 1202 1400 Maximus

114 1434 239 1498 ridetur
257 1432 334 1500 Rex
357 1432 434 1497 dein
453 1431 575 1509 Dialis,
592 1438 669 1515 po'st
688 1432 773 1496 hunc
793 1433 972 1514 Martialis,
987 1445 1103 1519 quarto
1122 1435 1200 1500 loco

113 1532 305 1612 Quirinalis,
317 1534 431 1616 quinto
447 1530 606 1597 Pontifex
619 1534 796 1597 maximus.
841 1533 927 1619 Itaq.
942 1536 976 1601 in
991 1536 1106 1602 soliis⁹
1120 1535 1201 1602 Ilax

114 1653 212 1718 supra
228 1633 335 1698 omnis
350 1634 507 1697 accubat.
552 1634 649 1698 Licet
659 1642 683 1672 ¹⁰
710 1635 823 1698 Dialis
837 1655 940 1720 supra
954 1637 1156 1720 Martialem,
1167 1644 1202 1704 et

116 1736 321 1816 Quirinalem
352 1732 517 1800 Martialis
545 1756 646 1819 supra
677 1737 878 1818 proximum.
923 1736 1048 1804 Omnes
1077 1735 1200 1805 idern¹'

112 1856 213 1921 snpra
226 1834 434 1902 Pontificem.
473 1837 567 1916 Rex;
588 1841 667 1921 quia
682 1839 946 1920 potentissimus.
982 1839 1105 1918 Dialia,
1121 1843 1201 1925 qnia

112 1940 255 2005 universi
269 1938 383 2002 mundi
401 1939 556 2003 sacerdos
570 1940 630 2024 qui
652 1939 841 2022 appellatur
863 1939 978 2003 Dium.
1022 1941 1201 2020 Martialis,

112 2039 204 2125 quod
219 2040 314 2106 Mars
327 2039 513 2105 conditoris
527 2041 618 2104 urbis
632 2059 765 2124 pareus.
810 2039 1007 2119 Quirinalis,
1026 2042 1120 2106 socio
1141 2043 1203 2108 im,

108 2143 194 2226 perii
208 2141 353 2206 Romani
369 2141 514 2207 Curibus
530 2141 640 2206 ascito
659 2140 813 2220 Quirino.
845 2141 1007 2205 Pontifex
1021 2143 1205 2222 maximus,

112 2242 200 2326 quod
211 2243 321 2326 judex
336 2252 405 2325 atq.
424 2243 546 2307 arbiter
559 2241 703 2307 habetur
716 2261 822 2308 rerum
835 2242 1028 2320 diuinarum,
1043 2241 1203 2309 humana·

110 2364 219 2428 rumq.
263 2342 372 2410 Ordiri
388 2351 440 2410 est
453 2345 501 2408 rai
517 2343 715 2426 principium
736 2342 860 2420 iacere,
875 2339 961 2406 uude
981 2347 1015 2407 et
1032 2350 1123 2425 togas
1142 2364 1206 2412 uo*

109 2452 226 2511 cantur
239 2445 426 2508 exordiar.¹²
471 2443 591 2527 Opaca
599 2448 763 2508 vocantur
776 2443 945 2507 umbrosa.
989 2441 1115 2527 Opalia
1129 2446 1203 2512 dias

109 2545 200 2623 festi,
222 2545 343 2628 qulbus
369 2545 576 2630 supplicatur
600 2544 680 2628 Opi,
703 2545 935 2629 appellantur3
957 2563 1096 2626 quorum
1120 2547 1204 2614 alter

309 2693 319 2714 .
405 2646 549 2731 Optutu,
567 2647 664 2728 quasi
687 2646 832 2729 optuitu,
856 2665 878 2710 a
899 2645 1016 2723 verbo,
1036 2646 1131 2730 quod
1153 2655 1206 2716 est

109 2755 206 2828 tuor3
228 2757 262 2814 et
283 2748 447 2832 significat
462 2747 571 2812 rideo.
612 2745 772 2830 Optatam
792 2745 937 2810 hosdem
962 2746 1021 2810 alii
1042 2749 1205 2831 optimam

109 2850 289 2934 appellant
304 2869 388 2930 eam,
404 2869 503 2933 quam
519 2846 642 2912 AEdilis
660 2848 767 2911 tribus
789 2846 983 2910 constitutis
1004 2846 1125 2912 hostiis
1144 2867 1205 2936 op-

110 2960 176 3025 tat,
190 2969 287 3035 quam
304 2949 466 3016 immolari
479 2949 569 3015 uelit
613 2946 738 3031 Opima
751 2947 859 3029 spolia
873 2947 1028 3012 dicuntur
1047 2949 1203 3032 originem

107 3051 249 3138 quidem
264 3051 428 3117 uaheutia
443 3051 487 3114 ab
497 3049 572 3132 Ope
581 3047 716 3112 Saturni
730 3065 847 3124 uxore,
858 3047 949 3130 quod
964 3047 1038 3131 ipse
1052 3067 1205 3130 agrorum

108 3154 223 3220 cultor
243 3152 392 3230 habetur,
408 3151 599 3216 nominatus
615 3169 637 3213 a
650 3153 736 3225 satu,
758 3155 906 3230 tenensq.
921 3147 1041 3212 laicam
1052 3142 1205 3234 'effin'gin-

106 3261 177 3333 tur,
189 3273 268 3338 quae
281 3261 335 3318 est
348 3253 475 3334 insigne
490 3249 659 3334 agricolae.
684 3249 772 3333 Itaq.
787 3249 846 3316 illa
861 3270 963 3334 quoq·
974 3249 1067 3333 [174]
1084 3271 1206 3333 coguo-

104 3357 254 3421 minator
283 3354 443 3431 Consiua,
472 3361 508 3417 et
534 3370 613 3416 esse
641 3351 852 3416 existimatur
879 3358 977 3416 terra.
1021 3352 1139 3436 ideoq.
1169 3353 1206 3418 in

106 3449 224 3539 Regia
238 3456 357 3522 colitur
371 3475 392 3519 a
407 3454 447 3519 P.
461 3453 505 3518 R.
521 3455 602 3538 quia
617 3472 732 3518 omnes
748 3471 829 3535 opes
844 3451 987 3517 humano
1003 3455 1111 3535 generi
1123 3461 1206 3520 terra

103 3559 247 3635 tribuat,
263 3577 340 3640 argo
355 3562 390 3620 et
403 3555 550 3639 opulenti
561 3553 718 3619 dicantar
729 3554 937 3619 terrestribus
947 3555 1205 3639 rebusccpicai3

101 3667 143 3725 et
160 3658 281 3722 hostire
298 3659 422 3741 opimae
433 3656 603 3740 praecipue
622 3656 771 3740 pingues,
793 3662 826 3720 et
844 3655 958 3737 opima
976 3655 1152 3738 magnifica
1172 3663 1207 3721 et

102 3760 240 3843 ampla·
284 3759 381 3823 Unde
402 3759 513 3842 spolia
527 3777 629 3842 quoq.
646 3775 722 3841 quae
736 3756 809 3821 dua
830 3755 873 3821 P.
890 3753 937 3820 R.
958 3755 1037 3821 duci
1058 3755 1205 3822 hostium

101 3861 280 3939 detraxit;
301 3878 444 3943 quorum
471 3864 563 3924 tauta
587 3858 706 3923 raritas
731 3865 795 3934 est,
817 3862 853 3922 ut
872 3856 956 3921 iutra
976 3874 1083 3922 annos
1102 3857 1206 3940 paulo

573 4037 751 4058 ”nm

98 4151 340 4268 &aalma
350 4155 435 4202 rra-9
448 4153 481 4202 al.
492 4149 642 4201 inconvictis
652 4151 787 4202 ratim-lu
802 4147 994 4216 casua-,11
1007 4145 1027 4200 f.
1037 4147 1167 4206 itemeli
1184 4149 1205 4204 i.
