2930 4870
526 410 800 460 ruanunurau.
1123 397 1209 464 1033

114 559 245 630 cuntur,
256 553 381 636 quibus
397 571 516 619 manua
531 561 611 618 eant
624 553 727 618 lauiae
745 552 891 635 perinde,
905 559 940 617 ut
955 552 1078 637 quibus
1093 553 1209 636 pedes,

116 654 287 738 pelluviae·
332 654 519 719 Maximum
542 655 724 720 Praetorem
735 664 750 716 i
763 655 830 719 dici
843 661 966 737 putant
979 656 1043 720 alii·
1053 675 1140 730 eum,
1152 657 1210 737 qui

116 757 254 822 maximi
270 757 387 839 imperi
399 758 461 836 sit;
476 756 545 834 aiii,
557 757 657 840 quia³
670 757 782 822 aetatis
794 757 971 820 maximaer
996 775 1058 838 pro
1068 757 1209 838 collegio

115 858 251 940 quidem
282 856 451 939 Augurum
477 858 643 922 decretum
665 867 728 936 eet,
751 858 839 942 quod
866 859 900 922 in
921 859 1051 922 Salutis
1073 859 1209 940 augurio
1249 917 1251 922 .

117 957 285 1024 Praetoree
300 958 444 1040 majores
458 967 494 1024 et
514 961 658 1024 minores
682 960 914 1043 appeliantur3
930 979 995 1024 non
1009 960 1051 1024 ad
1068 964 1210 1034 aetatem,

117 1061 180 1126 sod
196 1059 238 1126 ad
251 1060 316 1125 vim
333 1061 461 1142 imperii
476 1063 652 1143 pertinere.
698 1061 820 1126 Mortis
840 1080 945 1126 eausa
959 1061 1134 1144 stipulatio
1150 1079 1210 1124 ex-

115 1163 286 1226 istimatur
299 1161 380 1238 fleri,
395 1169 432 1226 ut
446 1163 495 1226 ait
509 1162 679 1227 Antistius
696 1163 823 1240 Labeo,
838 1182 917 1246 qum
934 1164 980 1226 ita
995 1163 1041 1238 iit,
1057 1170 1095 1225 nt
1109 1171 1211 1226 morte

116 1263 329 1347 promissorio
344 1263 563 1338 confirmetur,
575 1273 643 1342 aut,
659 1271 697 1328 ut
713 1264 849 1347 quidam
864 1264 1030 1340 dixerunt,
1047 1263 1143 1347 cnjus
1153 1264 1213 1326 eti·

116 1365 299 1449 pulatioois
322 1385 419 1430 mors.
433 1365 494 1430 suit
521 1386 637 1431 causa.
683 1367 886 1450 Marspedis,
904 1368 975 1430 sire
990 1367 1095 1430 siner
1114 1365 1211 1430 litera

115 1466 288 1549 maspedis
314 1467 541 1549 imprecaticie
569 1469 669 1532 solita
691 1469 849 1532 valliam⁴
874 1467 954 1551 qnid
979 1467 1152 1550 significet,
1167 1485 1210 1531 oe

117 1565 271 1632 Messala
286 1567 422 1651 quidem
436 1567 550 1653 Augur
569 1571 603 1634 in
625 1571 866 1654 explanatione
887 1570 1098 1652 auguriorum
1114 1587 1211 1653 repn-

117 1670 181 1734 rire
205 1689 240 1732 ee
266 1672 420 1753 potuisse
448 1672 506 1736 ait.
552 1671 712 1756 Majnrem
729 1671 901 1736 consulem
922 1673 962 1735 L.
985 1670 1101 1735 Caesar
1116 1676 1212 1752 potat

116 1770 186 1836 dioi
202 1773 256 1836 vel
281 1791 367 1849 oum,
393 1793 495 1855 penes
521 1793 617 1862 quern
638 1774 751 1840 fasces
775 1777 852 1851 sint,
867 1773 919 1836 rel
941 1791 1026 1849 enm,
1043 1772 1100 1854 qui
1121 1773 1212 1855 prior

116 1872 229 1936 iactus
248 1875 302 1938 eit.
347 1873 527 1938 Praetorem
543 1883 654 1938 autern
671 1874 839 1956 majorem,
855 1873 1050 1938 Urbanum:
1070 1873 1211 1937 minores

118 1973 191 2054 [tu]
203 1981 344 2040 ceteros.
366 1973 553 2039 Mendieum
561 1973 622 2040 diri
633 1971 758 2037 Vem'ur
767 1983 862 2058 putat
872 1995 891 2036 a
903 1983 999 2036 marte
1011 1973 1098 2055 ejutr,
1110 1992 1210 2056 quam

118 2073 384 2161 seseliitsortuan,
398 2075 448 2140 vel
461 2075 545 2162 qaod
554 2086 697 2160 precetur
711 2096 857 2160 quemque
872 2083 908 2140 ut
923 2077 1003 2138 vitae
1014 2093 1080 2138 sua
1093 2071 1212 2136 medea·

120 2186 175 2240 tar
188 2176 263 2242 cibo.
309 2175 420 2241 Mater
435 2175 579 2258 Mutata,
602 2178 721 2256 manis,
743 2198 842 2254 amaa,
860 2175 1100 2252 matrimonium,
1115 2184 1225 2258 mater·

108 2277 259 2363 familia,
275 2289 464 2358 matertera,
488 2278 639 2356 amatrices,
663 2277 797 2342 aratoria
818 2276 906 2342 dicta
929 2277 1085 2354 videatur,
1109 2284 1145 2340 ui
1167 2277 1214 2341 aii

122 2379 271 2458 Verrius,
287 2381 435 2466 quierint
450 2379 548 2446 dona:
562 2380 670 2466 qualia
687 2379 799 2444 scilicet
813 2381 887 2457 sint,
899 2399 975 2463 quae
984 2389 1056 2442 aaut
1067 2387 1212 2442 matura:

121 2481 175 2544 aei
187 2483 293 2566 potiar
308 2506 327 2547 a
343 2492 452 2554 matre,
476 2503 552 2567 qnae
573 2491 626 2548 eet
651 2482 782 2568 originis
799 2478 926 2558 Graan,
947 2479 1049 2564 μήτηρ.
1093 2477 1213 2544 Modo*

120 2585 280 2668 quodam,
294 2585 327 2648 id
342 2595 398 2662 ert,
414 2584 544 2660 ratione,
559 2585 706 2648 dicautur
726 2584 787 2648 iata
806 2582 919 2660 omnia,
937 2605 956 2644 a
972 2582 1059 2646 arado
1072 2582 1110 2645 fit
1123 2599 1214 2645 οοιιι-Ι

119 2684 274 2764 moditor,
289 2686 470 2762 coramodur,
482 2686 662 2765 commodat,
677 2685 1044 2762 accommodat,modice,
1057 2681 1215 2760 erodentia,

120 2786 302 2864 moderatio,
321 2785 529 2852 ntodr'fioaiio.

166 2889 200 2954 N
203 2892 309 2954 nertin⁸
331 2899 384 2954 est
402 2909 535 2966 carmem,
550 2887 635 2974 qaod
647 2886 804 2974 insanare
818 2884 969 2950 laudandi
983 2886 1088 2968 gratia
1101 2893 1213 2948 euniu-

120 2999 177 3053 tar
191 2988 234 3054 ad
247 2989 375 3054 tibiam:
398 2989 480 3075 quod
490 2988 672 3054 vocabulum
685 2985 847 3074 Afranius
858 2989 890 3050 io
904 2984 1084 3050 Materterae
1092 2983 1214 3066 paruit:

122 3088 270 3157 Narniam
283 3103 386 3158 autem
405 3095 487 3158 inter
502 3095 664 3176 exsequias
678 3087 900 3158 ventitabant:
922 3096 993 3150 errat
1008 3085 1062 3171 qai
1075 3107 1109 3150 ra
1124 3083 1214 3148 verbo

578 3301 755 3323 amomum

155 3441 171 3486 1
191 3436 209 3488 i.
222 3427 320 3501 arri—t
337 3435 392 3488 iia
402 3437 536 3501 precatione
545 3436 719 3486 mummium.

615 3614 722 3667 unm

154 3739 167 3773 ¹
186 3731 322 3780 Maxim
337 3731 481 3794 Pratum]
498 3730 585 3780 lirion
607 3729 651 3780 uu.
689 3729 763 3792 tione,
775 3725 975 3776 dicuntaromrrin
986 3727 1042 3787 irin,
1059 3724 1217 3786 mamito,

116 3822 175 3858 arr.
190 3807 264 3855 ‘Lex
280 3813 383 3855 retorta
393 3812 442 3867 ert,
461 3806 600 3870 prireirqno
623 3805 653 3854 ii·
690 3807 731 3867 ec.
749 3804 786 3851 ita
798 3812 861 3866 puto
872 3801 951 3852 iniere
962 3802 1118 3863 roriptnmiu
1130 3813 1217 3848 exem·

115 3884 187 3932 teria
205 3881 342 3945 rerbirqne
357 3881 464 3944 scriptu,
479 3889 508 3930 ut
527 3883 570 3944 qui
583 3881 653 3930 Prae·
691 3878 766 3942 piari.

113 3967 164 4009 tor
176 3957 304 4007 morimur
317 3958 360 4019 rit,
370 3956 440 4007 idib.
458 3958 590 4020 Septemb.
602 3958 653 4007 nia·
723 3951 1053 4014 'Nario101mrrrionr
1099 3949 1220 4010 'Nenim

112 4033 312 4096 vompaoaatss
338 4032 406 4082 Vide
417 4047 494 4095 ruprr
512 4033 654 4096 io‘Mrjor
692 4029 815 4092 hadom:
832 4026 895 4084 diri-¹
928 4028 994 4078 Quor
1014 4026 1040 4074 in
1060 4024 1219 4074 iineGraoa

112 4125 166 4162 eon
176 4109 198 4160 ι’
209 4118 237 4158 et
248 4111 356 4160 Sueten.
365 4109 391 4158 io
403 4108 529 4172 Angusto,
539 4108 571 4157 de
581 4110 653 4158 Sain-
692 4108 781 4167 verba,
794 4103 877 4154 viarm
887 4110 915 4152 et
926 4105 996 4162 rim,
1006 4101 1094 4151 addita
1106 4109 1175 4166 runt,
1187 4115 1219 4150 ea

114 4189 157 4240 tia
169 4185 290 4248 auraria.
694 4185 720 4232 in
732 4181 872 4244 exemplari
883 4181 919 4228 ita
935 4179 1011 4242 piane
1025 4178 1155 4242 leguntur,
1172 4191 1218 4227 no-

151 4273 169 4330 t,
181 4263 269 4327 Modo]
285 4260 309 4311 Δ
323 4261 506 4326 ιιιόἀηιοὼιι,
518 4263 544 4312 id
559 4266 603 4319 art,
614 4275 654 4310 ra·
696 4269 748 4310 tom
758 4267 843 4311 autern
854 4255 913 4319 nim
923 4255 985 4323 quid
996 4256 1038 4306 rit.
