2908 4870
240 351 244 358 “
268 349 334 416 896
609 364 724 416 caxm
748 363 902 412 rounnu
927 363 1031 414 rasni

312 515 473 594 perpetuo
488 513 571 574 stet.
595 507 666 586 alii,
681 508 820 592 quodie
838 505 936 574 locus
950 527 973 573 a
992 507 1125 574 Grecis
1147 505 1268 593 στεγνὸς
1279 513 1302 556 ¹⁴
1314 508 1349 574 ii·

312 613 499 695 citur,quia
517 614 603 676 bene
620 611 790 675 contineat
808 629 940 692 aquam.

271 712 506 796 Stalagmium
520 733 621 796 genus
637 711 806 776 inaurium
825 711 959 776 videtur
974 712 1172 793 significare.
1212 712 1349 778 Caecilius

217 903 219 906 Ι
313 813 349 879 ἰιι
362 814 501 894 Karine,
518 834 594 879 cnm
609 814 682 879 nit.
699 813 773 897 Jnm
786 820 811 860 ¹⁵
826 833 870 877 ex
892 832 971 878 auro
994 813 1069 898 ejus
1084 814 1350 897 stalagminmdo·

316 917 363 981 mi
377 917 498 982 babeo.

273 1019 495 1110 stalagmium
512 1037 620 1101 genna
645 1017 824 1082 inaurium.
869 1015 1046 1083 Caecilius:
1069 1019 1125 1083 Ex
1140 1037 1221 1084 aure
1236 1017 1352 1101 [Pacu.

314 1122 387 1208 ejus
401 1123 613 1204 stalagmium
630 1121 723 1185 domi
737 1120 856 1184 babeo.

272 1224 369 1288 Siata
385 1224 576 1288 sacrificial
591 1229 679 1300 aunt,
697 1240 775 1305 quae
789 1220 892 1285 certia
902 1220 1008 1286 debus
1022 1221 1093 1286 ficri
1109 1221 1237 1286 debent.
1248 1221 1354 1305 [Facu.

315 1325 402 1390 Cato
425 1326 458 1388 in
485 1344 527 1389 aa
553 1344 651 1407 qnam
668 1325 785 1388 scribit
800 1324 842 1388 dc
870 1324 910 1388 L.
936 1322 1086 1401 Veturio,
1109 1323 1152 1387 do
1170 1323 1354 1397 sacrificio†

315 1429 509 1504 commisso,
522 1445 599 1490 cnm
616 1426 647 1490 oi
662 1445 785 1509 equum
801 1425 949 1490 ademit:
972 1423 1073 1502 Quod
1097 1434 1146 1503 tu,
1173 1425 1263 1509 qnod
1282 1427 1312 1488 in
1330 1430 1355 1487 lc

314 1530 388 1606 fuit,
400 1548 500 1594 sacra
514 1535 604 1594 slata
620 1527 795 1602 solemnia,
809 1529 920 1612 capita
936 1531 1056 1591 sancta
1068 1526 1255 1592 deseruisti.

273 1631 369 1696 Statu
384 1630 581 1694 dicebantur
595 1629 772 1707 sacrificia,
788 1649 864 1712 quae
887 1629 990 1693 certis
1006 1628 1124 1692 dicbus
1146 1627 1206 1692 fia-
1238 1629 1358 1712 [Pruu.

315 1735 406 1798 bant.
451 1731 562 1796 Cato:
587 1732 706 1810 Sacra,
726 1739 830 1808 stata,
846 1730 1033 1808 sollemnia,
1048 1735 1168 1796 saucia
1182 1729 1357 1794 deseruisti.

273 1837 380 1902 Statue
397 1835 519 1900 Matris
531 1833 744 1922 simulacrum
758 1833 794 1896 in
807 1833 880 1898 foro
893 1831 1079 1897 colebatur.

274 1939 380 2003 Statae
396 1937 538 2002 Matris⁸
554 1936 769 2000 simulacrum
784 1936 818 1998 iu
840 1936 913 2000 foro
933 1933 1119 2012 colebatur,
1140 1939 1234 2017 post·
1248 1931 1357 2016 [ursa.

318 2060 418 2125 quam
434 2035 730 2115 idcollnstravit,¹⁶
753 2055 795 2100 nc
820 2034 952 2120 lapides
973 2035 1049 2117 igno
1074 2041 1359 2118 corrumperentur,

320 2143 380 2226 qni
396 2141 554 2224 plurimus
576 2138 622 2203 ibi
648 2137 771 2202 tiebatl
785 2143 948 2202 nocturno
973 2144 1132 2220 tempore,
1154 2155 1272 2219 magna
1293 2151 1360 2218 pars

318 2245 435 2328 populi
448 2244 480 2306 in
492 2261 573 2306 suos
585 2241 727 2323 quisquo
737 2242 831 2304 vicos
847 2237 1038 2303 rettulerunt
1049 2237 1124 2320 ejus
1137 2238 1223 2302 Deae
1237 2237 1360 2302 cultum.

275 2345 395 2410 Statua
410 2352 463 2409 est
478 2343 589 2420 Ludii,
605 2342 707 2428 ejus‚⁸
719 2340 953 2427 quiquondam
969 2339 1107 2404 fulmine
1122 2340 1212 2404 ictus
1232 2343 1265 2405 in
1282 2339 1360 2402 circo

310 2561 339 2608 ll
358 2555 407 2606 Ed.
417 2555 488 2606 Seni.
500 2553 650 2605 cooire-lo
665 2553 715 2604 Vir
732 2554 802 2604 doct.
821 2555 847 2601 in
866 2566 947 2616 marg.
964 2553 1081 2617 ejusdum
1101 2553 1144 2604 ed.
1161 2555 1266 2619 conjicit
1281 2559 1361 2602 terr.-

277 2623 340 2680 ild.
350 2620 413 2672 ibid
426 2620 567 2682 Sacrilcgr'o.
570 2623 634 2668 -lti
651 2620 719 2669 scal.
732 2619 857 2684 probante
871 2617 938 2668 Duc.
953 2619 1149 2669 Coeiiurrtracit.

776 2749 883 2800 Nom

277 2850 345 2916 quod
358 2851 461 2899 minime
479 2849 599 2899 rimorum
618 2856 670 2910 ert,
680 2855 707 2898 et
724 2846 806 2897 fideli·
847 2847 949 2896 dictinii
961 2846 1150 2896 etmobilibur:
1168 2846 1281 2896 meminit
1289 2845 1362 2894 Cicer.

278 2935 319 2978 ter
337 2929 464 2988 continet,
476 2942 491 2975 a
503 2925 592 2988 στέγω,
609 2934 678 2988 tego.
709 2925 808 2986 Stagna
848 2937 868 2973 ι.
887 2923 995 2974 Turcul.
1011 2924 1096 2973 ‘Cum
1115 2924 1184 2971 enirn
1204 2924 1271 2970 illurn
1285 2922 1312 2970 ad
1325 2932 1362 2966 ιο·

277 3003 435 3053 contrarium
455 3000 540 3052 futile.
574 2999 640 3051 Inde
659 3001 744 3050 Varro
764 2999 809 3050 lib.
849 3000 924 3048 icnnc
952 3007 980 3049 ct
1002 3006 1099 3049 ctutum
1122 2997 1276 3047 sacrificinm
1296 3007 1364 3044 curru

277 3078 442 3129 tudelab.
458 3074 808 3141 ‘Stagarrm,Graececri*J-
850 3077 965 3139 vebijur
982 3075 1069 3136 eruet:
1089 3079 1139 3125 &c
1173 3075 1209 3124 Et
1230 3075 1254 3124 iu
1271 3074 1363 3124 Milone.

277 3152 328 3214 riu,
339 3152 408 3217 quod
421 3167 470 3203 non
483 3154 561 3202 babet
574 3153 681 3202 timum!
692 3155 754 3202 Duc.
848 3152 892 3202 Sic
917 3168 964 3217 pro
985 3153 1062 3202 domo
1078 3159 1085 3180 ⁸
1098 3153 1188 3202 Statua
1204 3146 1362 3212 caerimonbu'

310 3227 506 3291 turriumve]
525 3229 656 3277 lnaurinm
673 3243 753 3292 genui
765 3228 809 3277 ob·
850 3228 925 3280 dixit.
958 3230 1026 3290 Lege
1039 3227 1117 3291 inira,
1138 3227 1363 3289 Dentrilrgirmu·

278 3307 381 3370 longum
404 3320 437 3354 ex
466 3306 546 3354 bacca
569 3304 697 3368 pendrrlaJ
719 3305 809 3369 quales
849 3304 929 3354 micio.
965 3304 1066 3354 Videin
1086 3304 1243 3368 ‘probibere
1258 3297 1366 3354 comitia!

277 3379 405 3445 hodieque
417 3381 536 3430 mrrliercr
545 3389 640 3430 nostroe
653 3388 756 3444 gratare
767 3395 808 3430 ro·
849 3380 925 3428 Idem.

277 3454 344 3504 lent.
376 3455 416 3504 Arl
438 3463 520 3519 gutte
538 3455 729 3506 rimilitudincm
751 3471 809 3520 qum
881 3461 895 3488 ¹
911 3455 988 3504 State
1009 3453 1112 3520 Matris]
1135 3456 1242 3505 vertam
1260 3452 1365 3516 intelligit

279 3529 381 3579 Graecia
392 3529 533 3592 σταλαγμὸς
549 3531 654 3582 dicitnr.
689 3533 810 3582 Meruinit
850 3545 925 3594 quam
947 3531 1027 3594 prisci
1050 3532 1087 3580 illi
1110 3546 1125 3580 u
1145 3532 1260 3580 sistenda
1278 3531 1363 3578 Statua
1429 3567 1430 3570 ,

279 3603 367 3652 Plaut.
386 3604 514 3653 Meuaeclr.
534 3604 594 3654 Act.
605 3621 648 3657 ru.
668 3621 705 3656 ac.
717 3611 741 3656 ³.
756 3607 809 3656 ‘A-
851 3607 981 3665 dixerunt,
1000 3615 1029 3656 nt
1040 3607 1096 3670 ejur
1108 3622 1202 3656 nornen
1213 3598 1364 3656 Grucumrf·

278 3679 366 3740 mabo,
377 3680 411 3727 mi
424 3680 595 3742 Menaechme,
606 3683 706 3733 inaures
719 3683 753 3732 da
764 3685 809 3731 rni-
851 3681 986 3744 fingerent,
997 3683 1173 3732 Graeciorniur
1183 3679 1367 3747 intumuim-

277 3755 303 3804 bi
317 3753 462 3804 Faciundum
483 3753 569 3818 pando
582 3757 658 3805 duum
671 3772 809 3820 nummum,
850 3763 895 3814 tm,
920 3759 936 3808 i.
958 3757 1104 3821 ἱδρύσασθαι,
1119 3762 1181 3823 quin
1200 3759 1292 3824 ubique
1306 3763 1365 3804 itata

278 3831 425 3895 alalagma,
435 3831 471 3880 Ut
485 3839 510 3880 tc
519 3831 630 3881 libenter
640 3833 740 3882 videam
751 3847 809 3882 curn
850 3840 920 3882 esset
931 3842 958 3882 ct
971 3843 1132 3884 corrrecrnta.
1150 3836 1224 3884 Irim.

280 3909 312 3958 ad
326 3923 371 3957 nos
384 3906 502 3958 renerio!
535 3907 810 3958 InterruCaec'iliile·
881 3918 892 3952 r
911 3911 959 3966 Qui
968 3911 1085 3974 plurimus
1096 3911 1130 3960 ibi
1133 3910 1224 3975 fiebat]
1247 3909 1290 3960 Ob
1300 3920 1366 3958 exeu-

279 3999 321 4048 go,
332 3987 431 4036 June:
445 4001 501 4034 aare
519 3986 570 4047 ejus
583 3986 735 4047 stalagmium
747 3987 810 4035 domi
850 3987 903 4036 bin
920 3989 1031 4052 scilicet,
1048 4005 1105 4052 quar
1128 3993 1154 4038 iu
1174 3987 1229 4041 foro
1247 3988 1366 4053 precipue

279 4061 358 4110 laten
392 4062 448 4110 Etsi
461 4062 537 4111 aliter
550 4063 574 4109 in
592 4062 666 4111 Pauli
681 4063 809 4124 Epiruma.
850 4064 1002 4126 agebantur.
1023 4065 1097 4114 Idem.

284 4136 359 4183 Idem·
882 4149 892 4173 ⁸
910 4139 998 4188 Statua
1009 4145 1044 4188 nt
1056 4140 1138 4202 Ludii,
1146 4139 1207 4204 ejus]
1222 4139 1290 4188 Hinc
1301 4134 1368 4184 intel·

313 4216 323 4240 ¹¹
339 4209 413 4280 Siata
431 4211 560 4276 sacrificiu]
578 4211 752 4276 Oppcnuntur
772 4214 809 4262 in·
851 4214 970 4292 ligandus
981 4215 1052 4266 locus
1061 4216 1128 4266 Pub.
1138 4215 1250 4268 Victoris
1262 4215 1302 4279 qui
1312 4214 1334 4260 in
1342 4213 1367 4257 8.
