2930 4870
232 385 281 434 Dll
304 381 511 434 VERBORUM
535 381 847 435 sleulrrcrt'rrortss
872 387 945 436 ulls.
968 387 1084 438 xvnr.
1127 373 1193 442 993

107 525 234 592 Tuscus
256 528 352 592 vicus
374 525 496 591 Romae
517 538 567 592 est
589 527 712 604 dietus,
734 529 825 612 quod
846 530 892 596 ibi
906 531 1035 598 hubita-
1057 533 1192 618 [Pseu.

149 634 264 693 rerunt
284 628 401 706 Tusci,
427 629 486 712 qui
508 629 685 694 recedente
706 631 750 695 nb
772 632 947 698 obsidione
970 634 1121 702 Porsena
1141 655 1192 702 ro·

147 739 343 795 manserunt.

107 830 260 895 Tutnlum
276 832 431 897 dicebant
447 831 705 898 Flumiuieernm
727 833 848 917 cupitis
863 844 1095 902 ornamentum
1110 839 1193 905 vitto

147 931 312 1015 purpureo
325 933 451 998 innexa
466 933 626 1011 crinibus,
641 939 678 996 et
699 933 734 996 iu
749 934 960 1002 altitudinem
975 945 1192 1006 exstructum.

148 1033 291 1098 Ennius:
315 1034 478 1112 Fietcres,
493 1033 634 1124 Argeos,
646 1040 684 1098 et
697 1034 867 1102 tutulatos.

105 1131 281 1198 'l'utulum‘¹
295 1135 409 1200 vocari
424 1135 519 1200 ciunt
534 1134 793 1201 Fluminicnrnm
815 1139 937 1221 cupitis
950 1159 1047 1206 orun-
1068 1139 1192 1223 [Fssr.

147 1243 298 1315 mentum,
310 1237 402 1321 quod
417 1238 476 1302 lint
490 1239 572 1302 vitta
588 1256 757 1320 purpurea
770 1237 893 1305 innexu
907 1243 1068 1318 crinibus,
1083 1248 1118 1306 ot
1132 1261 1191 1308 ex·

147 1345 305 1403 structum
321 1339 354 1403 in
371 1339 601 1405 altitudinem:
625 1339 761 1424 quidum
777 1341 898 1423 pileum
914 1342 1061 1408 iunctum
1084 1344 1191 1409 formu

110 1489 117 1504 .
145 1427 221 1505 etuli
249 1439 461 1522 figuratum,¹¹
493 1461 560 1526 quc
583 1440 752 1506 Flumineo
775 1461 816 1506 ue
840 1442 1018 1510 Pontifices
1041 1451 1188 1524 utuntur,

146 1541 256 1605 eodem
268 1542 397 1606 nomine
407 1543 533 1607 vocari.
559 1541 706 1608 Ennius:
719 1541 885 1628 Iribsqne,
897 1545 1039 1626 fictores,
1052 1547 1190 1631 Argaeos

146 1651 174 1704 et
188 1643 361 1709 tutulatos.

563 1855 742 1880 oueuoomo

136 2009 165 2055 lt
182 2004 230 2056 Ed.
243 2005 314 2056 scel.
333 2002 431 2054 ‘torsus
449 2005 533 2056 netuli
550 2003 705 2070 ῆςιιηῑιιιιι.1
737 2003 805 2057 Vide
815 2008 878 2058 Not.

589 2187 697 2239 Nom

129 2319 142 2354 ‘¹
160 2321 281 2385 Nm]
296 2319 379 2371 Verre
392 2320 437 2372 lib.
449 2336 489 2373 rr.
505 2322 539 2372 sls
551 2322 624 2387 Liug.
664 2331 714 2390 est,
731 2323 844 2376 tenteris
864 2323 926 2374 olim
944 2324 1071 2389 Scaliger,
1091 2337 1137 2388 pru
1154 2328 1192 2376 cti

97 2397 156 2448 Lst.
168 2397 243 2449 li'nuii
254 2409 344 2448 sersus
356 2396 445 2456 refert,
457 2399 501 2463 qul
518 2399 551 2448 sd
571 2399 625 2450 Νη·
663 2403 752 2451 celum
769 2399 915 2450 rescribens
932 2402 1013 2453 eletos.
1045 2400 1192 2452 Infeliciter

96 2489 164 2526 mern
183 2473 344 2526 rsiernuturr
363 2477 469 2527 Menses
480 2477 624 2533 constitnit,
663 2491 734 2541 seue,
744 2491 801 2527 nem
812 2483 912 2526 certum
927 2483 969 2526 est
980 2476 1114 2541 scripsisse
1126 2477 1191 2526 Ver·

96 2551 216 2616 idemque
224 2551 315 2601 sneilis
323 2582 331 2599 .
339 2581 347 2599 .
356 2585 363 2600 .
373 2551 498 2616 Libeque,
508 2549 623 2615 lictores,
664 2566 769 2603 runem:
781 2567 837 2616 quur
847 2552 932 2603 lobeni
941 2556 993 2602 rete
1001 2553 1098 2602 celetur.
1123 2551 1192 2604 Rete

97 2625 548 2691 Argios‚et'1¹utrrlstos.dst·du3.
617 2629 618 2632 ’
663 2628 730 2678 enirn
746 2627 945 2678 internuntium
958 2629 1117 2687 muliebrem,
1134 2642 1192 2692 pro·

129 2701 254 2768 Nutu]
272 2701 382 2766 Proprie
393 2703 491 2752 rutulus
501 2702 572 2750 locus
582 2716 623 2752 nr·
663 2703 721 2768 pris
740 2703 807 2753 sitts
823 2704 939 2754 crinium.
971 2703 1045 2754 Idem
1059 2705 1134 2754 Verr.
1147 2703 1192 2754 lib.

96 2777 134 2826 bis
146 2777 294 2838 ultissimnr,
311 2777 380 2828 unde
393 2777 419 2826 in
432 2777 538 2827 muliere
550 2784 624 2828 uolut
662 2793 702 2828 ss.
725 2780 784 2830 ‘Et
805 2779 872 2844 qued
894 2779 1014 2843 capillum
1036 2781 1193 2842 contineret,

94 2855 246 2919 espillcruru
281 2855 307 2903 ln
334 2867 427 2904 ccuuru
454 2863 622 2918 congerentur
663 2854 760 2904 dictum
776 2870 792 2903 s
808 2861 865 2904 rete
875 2855 1009 2904 retienlnm
1017 2852 1034 2902 τ’
1050 2853 1192 2904 restitutio·

91 2932 263 2996 ‘suggestum
282 2929 379 2980 ccmoe'
399 2936 474 2979 secet
487 2930 623 2994 Papinius,
662 2941 722 2978 neus
740 2929 807 2979 bene
826 2929 931 2979 firment
949 2929 1029 2979 verbu
1045 2929 1102 2992 ipss
1119 2929 1192 2980 Festi

91 3005 248 3055 ‘Territum
267 3003 393 3056 frontem’
409 3004 553 3074 Juvenelis.
591 3003 622 3054 lu
662 3019 720 3054 euru
743 3003 828 3055 verbis
849 3003 973 3053 Verrenis
999 2985 1110 3054 roliers!
1143 3001 1192 3053 Ait

91 3079 336 3130 fluminibussutem
347 3095 473 3131 summurn
491 3079 622 3146 festigium
662 3081 754 3130 Festus
776 3081 886 3130 tutulum
905 3093 963 3129 esse
982 3079 1067 3129 eriues
1082 3080 1190 3130 innexos

90 3156 154 3219 pilei
164 3153 462 3220 lansti,bocest,fluruei.
473 3156 622 3208 Vermicu-
663 3155 730 3206 ritts
741 3169 871 3221 purpurea
884 3164 913 3207 et
930 3156 956 3205 in
971 3154 1134 3206 silitudinem
1146 3171 1190 3206 eu-

89 3231 125 3280 do
134 3231 164 3279 Ι.
174 3230 270 3280 Indum
283 3231 389 3296 exponit
401 3231 461 3280 illud
471 3231 622 3283 EuuiisSs·
662 3239 786 3294 structus,
795 3231 1014 3282 ubissueuullrrm
1027 3231 1103 3280 sliuru
1114 3245 1190 3296 quern

89 3306 179 3356 turnic
197 3306 328 3356 carmine:
347 3307 493 3372 ‘hincque
508 3307 624 3372 lictores,
664 3307 808 3358 Verroneus
829 3307 913 3372 lpsum
936 3307 1132 3370 interpretetur,
1147 3307 1191 3371 qui

88 3383 193 3446 Argeos
205 3390 233 3431 et
245 3381 396 3432 tutrrlrrtosr'
411 3382 420 3410 ⁴
433 3381 569 3445 Tutuleri,'
585 3383 624 3433 in·
665 3383 806 3446 scripserat
816 3381 901 3442 crines
915 3383 1065 3432 convolutos
1084 3379 1115 3430 ed
1134 3395 1190 3430 rer·

88 3459 156 3523 quit,
174 3457 260 3508 ‘dicti
272 3459 316 3523 qui
335 3459 360 3508 iu
380 3459 461 3509 serris
478 3459 625 3524 espltlbus'
665 3457 744 3508 tieem
764 3456 869 3520 cepitis,
886 3463 942 3508 rete
966 3457 1075 3518 celetur,
1093 3458 1191 3508 tutulos

85 3535 154 3600 (leg.
169 3534 278 3598 spiclis-r
295 3534 377 3600 Sosi.)
393 3535 510 3586 ‘bebere
529 3537 623 3592 solent,
663 3533 755 3585 dictos.
787 3534 884 3584 Rursus
895 3532 962 3598 quod
979 3531 1081 3582 dixerut
1097 3533 1190 3595 Verso,

84 3611 245 3660 ntMersru.
271 3609 622 3675 ldTutnlussppsllsturnb
662 3609 746 3660 lubere
762 3611 837 3660 soleri
854 3613 882 3659 et
898 3609 999 3670 Meles,
1014 3608 1082 3658 (lixit
1096 3609 1189 3660 Festus

82 3701 119 3738 eo
137 3687 212 3752 quud
234 3686 440 3737 mstmsismiliss
459 3687 545 3738 crines
561 3701 622 3738 con·
654 3685 737 3745 scruta
747 3685 843 3735 metui:
859 3683 973 3735 siceniur
990 3685 1127 3749 legendum
1143 3699 1191 3748 pro

82 3765 192 3814 solutos
220 3763 253 3813 eri
278 3763 402 3814 verticem
428 3764 532 3826 espitls,
559 3777 623 3828 quos
654 3761 737 3821 sorssc
755 3775 768 3809 e
783 3761 828 3810 tuli
843 3761 942 3810 monuit
956 3760 1062 3809 Fuluius
1074 3760 1191 3808 Ursinus.

79 3838 187 3888 babent
209 3839 249 3888 uti
271 3839 379 3894 selures,
402 3837 493 3888 ‹lieuur
514 3839 621 3896 tutulos,
663 3837 721 3888 iloe
742 3845 792 3893 est,
811 3837 955 3895 inscissum
972 3840 1057 3892 ποίας
1079 3849 1137 3882 uum
1163 3836 1190 3884 iu

77 3913 139 3962 sire
156 3913 193 3963 eb
211 3927 244 3963 ec
262 3911 330 3978 quod
344 3913 435 3963 tuendi
447 3927 525 3962 censs
536 3913 621 3978 cupilli
660 3911 769 3962 Scbedis
781 3912 954 3970 eruthrsrcss
970 3911 1047 3958 stuli.
1081 3909 1147 3959 lude
1163 3911 1191 3959 iu

76 3989 194 4045 tiebeur,
212 3990 269 4040 sire
289 3989 322 4038 sb
338 4004 369 4039 ec
383 3990 457 4055 quod.
471 3990 621 4040 altissimum
662 3986 743 4036 reteri
762 3984 931 4048 inscriptione
947 3998 1004 4048 quus
1023 3997 1103 4046 penes
1116 3985 1191 4036 Fulr.

75 4065 103 4113 in
124 4065 196 4116 urbe
215 4063 285 4130 quod
306 4072 356 4122 est,
373 4080 405 4115 es
423 4080 465 4115 res
486 4067 622 4130 tutissime,
662 4060 750 4110 Ursin-
762 4058 826 4109 fuit:
845 4071 968 4110 Arum·
982 4071 1010 4110 A·
1026 4071 1122 4108 τυτυι.
1139 4073 1190 4110 ou·

73 4141 328 4191 rutulusvocururss
361 4143 444 4194 onem
459 4143 544 4192 locum
556 4142 621 4191 Ver-
662 4149 783 4186 sinerer.
801 4135 863 4186 Duc.

71 4218 162 4278 rcnis,
181 4219 245 4282 quis
262 4217 332 4281 turpi
353 4216 446 4268 mendo
462 4217 622 4269 deterrentes

144 4297 242 4361 Delptr.
258 4303 284 4348 et
298 4301 358 4349 Ver.
377 4298 443 4348 Clas.
556 4298 639 4361 Pomp·
653 4295 716 4346 Fert.
1071 4298 1085 4342 t
1104 4245 1126 4342 il
