2930 4870
310 916 389 993 DE
414 918 567 994 FESTl
595 919 967 998 FRAGMENTO:

507 1204 549 1252 Ex
561 1203 611 1254 En.
624 1203 696 1254 Rois.
709 1209 781 1255 1681.

493 1489 795 1533 -“““-““-““”““-

109 1713 311 1799 V'ronsrrsus
325 1737 421 1818 agitur
435 1759 540 1813 annus,
557 1763 593 1803 ex
606 1764 666 1822 quo
680 1745 751 1805 Ant.
767 1747 948 1824 Augustinus
962 1741 1099 1826 Archiep.
1119 1747 1190 1806 Tar-

107 1837 276 1907 raconensis,
292 1835 368 1896 Festi
382 1837 588 1914 fragmentum,
603 1839 684 1916 quod
705 1841 846 1918 majorum
865 1841 1003 1901 memoria
1016 1861 1052 1900 ex
1072 1841 1189 1919 Illyrico

108 1932 256 1990 advectum
269 1931 299 1988 in
314 1929 490 1991 bibliotheca
505 1932 682 1993 Farnesiana
705 1945 843 2006 servatur,
857 1935 949 1995 multo
963 1955 1051 2014 quam
1066 1936 1114 1994 alii
1129 1935 1191 1994 dili·

106 2027 216 2103 gentius
227 2045 295 2084 cum
311 2025 438 2104 vulgatis
450 2028 584 2101 contulit,
604 2039 634 2087 et
647 2029 757 2106 primus
771 2043 884 2108 partem
906 2030 1026 2090 alteram
1041 2031 1102 2108 ejus
1124 2030 1191 2088 libri

105 2121 230 2180 mutilam
241 2122 405 2200 exscripsit,
415 2123 686 2201 commentariisque
696 2143 713 2181 a
725 2145 756 2184 se
765 2124 936 2184 illustratam
950 2125 1042 2184 edidit
1049 2125 1190 2194 Venetiis,

104 2236 189 2295 opera
199 2216 301 2276 Caroli
317 2217 440 2295 Sigonii.
483 2217 542 2276 Sed
558 2228 589 2276 ut
602 2229 672 2278 tunc
687 2230 750 2278 erat
771 2219 874 2278 Romae
889 2219 1011 2278 stlitibus
1020 2218 1191 2298 judicandis

106 2331 231 2381 xrrvrn,
245 2312 367 2390 aliisque
392 2313 570 2391 gravioribus
592 2315 667 2373 curis
687 2314 852 2393 impeditus,
874 2314 1016 2373 nonnulla
1036 2314 1192 2374 clarissimo

102 2407 159 2465 viro
173 2407 273 2486 deque
285 2407 374 2467 literis
388 2409 496 2486 optime
510 2409 623 2479 merito,
639 2410 667 2466 in
683 2409 724 2467 eis
742 2408 858 2468 schedis
879 2408 1088 2480 describendis,
1110 2409 1192 2469 exci-

102 2502 217 2562 derunt.
261 2504 356 2570 Quam
384 2502 500 2580 quidem
529 2502 686 2562 editionem
709 2502 865 2562 doctissimi
894 2503 946 2562 uiri
967 2515 1068 2582 postea
1092 2508 1192 2576 secuti,

100 2609 156 2656 tam
173 2599 271 2657 multa
290 2599 320 2656 in
340 2617 375 2657 ea
395 2597 595 2668 restituerunt,
617 2609 650 2656 ut
670 2619 706 2659 ex
727 2599 771 2671 iis,
794 2619 861 2677 quoa
884 2599 1006 2658 Lutetiae
1027 2599 1193 2677 vulgarunt,

98 2693 227 2772 intelligi
245 2694 332 2753 facile
345 2693 446 2773 possit,
461 2693 532 2772 quid
547 2695 651 2754 facturi
666 2695 798 2765 luissent,
821 2695 844 2752 si
865 2694 1091 2754 emendatiorem
1113 2694 1196 2754 codi-

97 2807 161 2847 cem
177 2790 261 2848 nacti
276 2800 382 2848 essent.
424 2789 486 2847 Nos
500 2789 598 2867 igitur,
612 2790 717 2868 quibus
730 2791 782 2847 has
796 2788 974 2866 antiquitatis
986 2789 1121 2865 reliquias
1135 2805 1195 2849 non

97 2884 193 2942 solum
209 2883 398 2961 inspiciendi,
407 2883 459 2942 sed
469 2883 555 2942 etiam
568 2884 705 2942 arbitratu
721 2893 820 2942 nostro
835 2883 990 2954 tractandi,
1005 2883 1196 2942 commoditas

95 2997 177 3057 saepe
193 2979 264 3048 fuit,
279 2999 346 3038 cum
357 2998 394 3038 ex
408 2978 538 3038 locorum
554 2978 668 3056 aliquot
680 2977 835 3038 collatione
848 2977 1159 3046 animadvertissemus,
1172 2978 1196 3035 si

94 3075 261 3153 fragmenti
275 3073 361 3152 hujus
383 3073 499 3133 schedae
521 3073 557 3132 ad
573 3073 661 3132 fidem
679 3071 828 3152 archetypi
851 3070 1023 3151 exemplaris
1037 3090 1196 3150 repreasen-

94 3179 249 3242 tarentur‚
262 3169 335 3239 lore,
349 3179 382 3228 ut
394 3190 463 3246 qum
473 3169 576 3228 mutila
591 3187 754 3246 manesque
767 3167 796 3226 in
812 3167 846 3226 iis
861 3177 939 3238 sunt,
954 3186 1054 3226 omnes
1070 3167 1196 3245 antiqui-

91 3267 166 3324 tatis
183 3263 319 3324 studiosi
342 3264 455 3324 lacilius
476 3284 513 3323 ea
531 3266 698 3342 certiusqne
722 3273 823 3323 essent
846 3262 1013 3334 divinaturi,
1033 3261 1197 3322 curarimus

88 3361 230 3440 paginas
245 3359 337 3438 ipsas,
352 3377 388 3419 eo
401 3379 461 3438 quo
476 3360 583 3418 Festus
598 3360 716 3437 scripsit
735 3358 849 3427 ordine,
870 3375 990 3416 numero
1010 3376 1147 3416 versuum
1167 3357 1198 3416 in

88 3456 232 3534 singulis
248 3454 385 3533 pagellis,
399 3465 429 3514 et
442 3454 589 3513 literarum
602 3453 631 3511 in
646 3471 822 3532 unoquoque
841 3472 937 3524 uersu,
955 3472 1010 3513 nec
1031 3463 1129 3525 aucto,
1143 3471 1198 3514 nec

84 3552 265 3620 diminuto,
280 3551 321 3608 ita
335 3560 368 3608 ut
379 3560 449 3610 sunt
461 3551 490 3608 iu
504 3549 670 3628 exemplari,
686 3568 744 3626 qua
753 3549 902 3627 potuimus
912 3547 1074 3626 diligentia,
1089 3549 1200 3609 descri-

83 3647 231 3708 bendas.
278 3645 344 3704 Hoc
358 3646 494 3723 amplius,
507 3655 620 3723 partem
639 3645 813 3722 paginarum
833 3644 976 3715 mutilem,
989 3644 1091 3704 habita
1104 3645 1198 3724 spatii,

79 3743 174 3824 quod
192 3739 403 3819 supplendum
416 3741 482 3811 fuit,
496 3741 620 3812 ratione,
634 3738 753 3798 infinitis
767 3739 842 3798 locis
863 3739 1085 3799 resarcivimus:
1106 3740 1200 3798 multe

80 3861 122 3899 ex
138 3855 261 3898 eorum
277 3834 402 3914 scriptis,
416 3854 490 3913 quos
504 3854 590 3916 supra
609 3834 831 3906 nominavimus,
845 3834 980 3906 mutuati,
993 3832 1092 3892 multis
1111 3833 1200 3893 etiam

76 3935 120 3996 de
136 3943 265 3995 nostro
279 3929 409 3998 additis;
431 3949 490 3990 nou
505 3930 586 4009 quod
601 3948 637 3990 ea
650 3949 718 3991 vera
738 3950 814 4003 esse,
834 3940 887 3990 ont
906 3931 948 3989 ita
969 3930 1088 3989 Festum
1110 3931 1199 4009 scrip·

76 4033 166 4092 sisse
184 4028 385 4097 arbitremur,
400 4026 453 4085 sed
469 4039 502 4085 ut
515 4025 668 4085 doctorum
682 4026 799 4104 ingenia
812 4026 1008 4085 excitaremus
1020 4025 1059 4083 ad
1072 4024 1146 4083 bene
1161 4023 1199 4084 de

71 4128 139 4190 lroc
159 4127 350 4203 fragmento
371 4121 558 4180 merendum:
581 4131 668 4198 atque
682 4140 717 4180 ea
730 4119 848 4198 quidem
874 4118 1080 4197 supplementa
1101 4119 1200 4179 literu-

72 4245 147 4284 rum
168 4221 331 4285 varietate
353 4227 382 4278 et
401 4218 478 4278 notis
499 4217 586 4278 etiam
604 4214 779 4296 quibusdam
801 4218 838 4277 ab
864 4216 984 4293 antiquo
1004 4213 1198 4276 distinximus.
