2930 4870
497 377 775 432 rnnounruruu.
903 437 908 448 ¹
1095 373 1182 441 1059

106 517 200 595 idest,
216 518 289 584 Deo
303 517 394 586 diota
409 539 566 586 consume
577 521 602 560 ¹⁶
618 528 670 587 est
691 543 840 602 necesse,
864 527 960 611 eujus
980 530 1180 612 opinionems

111 639 174 702 neq.
192 623 222 686 in
243 621 321 698 boo,
335 641 411 705 neq.
427 624 462 686 iu
482 623 557 688 aliis
581 625 782 708 complurib.
802 628 943 693 refutare
966 633 1100 696 minime
1124 652 1182 696 ne-

110 741 191 786 eesse
205 729 264 799 est,
279 743 354 788 eum
374 725 584 807 propositum
609 724 753 792 habeam
768 747 812 794 ex
827 734 919 795 tento
934 729 1094 796 librorum
1108 734 1182 816 ejus

109 843 227 888 numero
243 826 460 892 intermortua
470 825 556 908 jam,
571 831 602 890 et
617 827 750 910 sepulta
772 832 889 908 verbu,
911 841 979 916 atq·
999 835 1075 918 ipso
1091 854 1182 919 saepe

108 926 279 991 comente.
292 927 415 992 nullius
439 945 522 992 usus
544 934 603 992 ant
623 931 846 1009 auctoritatis,
869 933 1046 1015 praeterire,
1061 941 1095 1000 et
1109 937 1182 1000 reli-

107 1046 166 1110 quu
178 1046 275 1110 quam
289 1028 487 1095 brevissime
504 1030 653 1112 redigere
667 1031 701 1096 in
717 1030 820 1096 libros
835 1032 1015 1100 admodum
1031 1056 1181 1119 paucos:

105 1147 142 1192 ea
153 1133 267 1207 unum,
282 1129 323 1193 de
334 1131 424 1212 quib.
434 1130 606 1208 dissentio,
616 1137 650 1196 et
664 1141 782 1215 aperte
796 1141 831 1199 et
843 1135 999 1214 breviter,
1012 1145 1051 1201 nt
1065 1139 1181 1218 sciero,

105 1230 215 1313 scripta
230 1231 264 1294 iu
274 1232 327 1295 bis
340 1231 437 1296 libris
451 1233 534 1297 meis
548 1235 777 1300 invenientur:
803 1236 1038 1315 inscribuntur,
1052 1240 1182 1322 prisco·

103 1349 168 1396 rum
191 1333 361 1397 verborum
386 1353 463 1398 eum
489 1335 667 1418 exemplis.
710 1335 870 1418 Porigam
892 1337 1019 1402 dixisse
1051 1340 1182 1422 antiqui

102 1433 250 1511 ridentur,
271 1453 331 1518 pro
353 1435 530 1517 porrigam,
546 1443 681 1518 propter
695 1455 821 1500 morem
841 1457 909 1504 non
932 1440 1182 1522 ingeminandu-

102 1553 167 1598 rnm
179 1536 367 1601 literarum:
389 1537 490 1602 ducto
504 1538 607 1602 verbo
622 1556 644 1601 a
658 1555 755 1620 porro
770 1557 895 1620 regum,
910 1545 969 1606 aut
983 1541 1012 1605 si
1032 1541 1068 1604 id
1080 1542 1182 1606 irivo-

100 1636 162 1702 lnm
176 1637 313 1716 uidetur,
329 1657 407 1702 cum
421 1645 535 1722 aperte
549 1658 569 1702 e
584 1639 661 1704 civo
674 1640 759 1721 regit
769 1646 794 1688 ¹⁷
816 1645 958 1706 tractum
972 1642 1034 1706 sit:
1050 1643 1108 1706 sed
1123 1661 1182 1708 an·

99 1738 179 1820 tiqui
199 1739 297 1804 etlam
319 1759 460 1823 purgem
483 1740 641 1804 dixerunt
670 1759 733 1823 pro
757 1743 933 1824 porrigam.
977 1740 1097 1808 Porum
1119 1763 1181 1826 ap-

98 1841 254 1924 pellantur
268 1842 333 1906 rari
349 1841 448 1918 sulci,
463 1842 522 1925 qui
537 1841 693 1906 dicuntur
703 1839 728 1878 ¹⁸
744 1859 842 1922 equoe
854 1840 1043 1906 derivaadae
1055 1844 1182 1923 gratia:

97 1941 172 2007 dieti
186 1941 275 2025 quod
291 1948 469 2024 porcant,¹⁹
491 1941 525 2006 id
544 1947 608 2015 est,
624 1939 800 2024 probibent
810 1948 856 1990 ⁸⁰⁹
872 1959 993 2023 aquarn
1008 1940 1183 2006 dumentis

96 2059 231 2106 nocere:
245 2061 321 2110 nam
337 2042 517 2106 crebriores
533 2041 631 2116 sulci,
647 2041 740 2104 limi¹
757 2049 929 2104 vocantur.
971 2039 1183 2106 Postlimini-

94 2154 172 2212 am‘
193 2152 376 2229 receptum,
398 2144 517 2210 Gallus
532 2145 644 2210 AElius
667 2145 701 2208 in
721 2143 806 2210 libro
827 2144 936 2225 primo
963 2143 1181 2226 significatio-

91 2265 183 2324 num,
197 2265 274 2331 qnae
291 2246 403 2331 adjus
417 2245 594 2329 pertinent,
616 2244 665 2309 ait
686 2263 763 2308 esse
775 2263 864 2321 enm,
880 2245 938 2329 qui
951 2245 1039 2308 liber
1052 2265 1096 2310 ex
1113 2265 1183 2328 qua

90 2350 228 2414 civitate
251 2349 285 2414 in
298 2349 409 2412 'aliam
430 2349 605 2414 civitatem
627 2345 764 2426 abierat,
786 2346 822 2410 in
846 2346 982 2410 eundem
1007 2346 1182 2412 civitatem

88 2449 177 2514 redit
190 2467 230 2513 eo
239 2448 325 2532 jure,
338 2448 428 2531 quod
452 2446 663 2514 constitutum
682 2453 735 2510 est
748 2445 791 2510 de
806 2445 1023 2528 postliminis,
1038 2449 1183 2531 itemque

88 2559 227 2618 servos³
243 2570 265 2615 a
278 2550 373 2614 nobis
388 2549 423 2612 in
439 2547 586 2612 bostium
607 2547 807 2630 potestatem
827 2549 988 2630 peruenit,
1004 2551 1123 2630 postea
1137 2547 1182 2614 ad

86 2672 159 2730 nos,
174 2652 259 2716 redit
272 2653 304 2714 in
319 2651 392 2733 ejus
407 2653 621 2733 potestatem,
630 2649 726 2733 eujus
737 2655 837 2714 antea
852 2647 916 2712 suit
924 2647 1001 2731 jure
1016 2648 1182 2731 postlimi-

86 2755 143 2818 ni:
171 2752 263 2836 ean,
289 2758 322 2815 et
343 2751 435 2829 muli,
458 2756 492 2815 et
511 2749 610 2816 navis
629 2749 744 2814 eadem
768 2751 852 2814 ratio
863 2754 913 2814 est
926 2755 1002 2832 post
1015 2750 1181 2816 liminium

83 2859 260 2938 receptum
275 2853 332 2918 is⁴
346 2867 425 2935 quae
439 2853 545 2916 servi:
561 2870 637 2933 quoe
651 2870 771 2932 genera
786 2869 896 2915 rerum
910 2851 954 2914 ab
968 2850 1121 2916 hostibus
1136 2848 1181 2913 ad

82 2975 147 3020 nos
162 2954 428 3038 postliminium⁵
443 2952 592 3026 redeunt,
604 2949 722 3018 eadem
732 2969 856 3031 genera
866 2969 973 3014 rerum
989 2967 1012 3012 a
1024 2948 1123 3013 nobis
1137 2947 1182 3012 ud
1233 2935 1236 2944 ’

81 3058 195 3122 bostis
209 3056 315 3122 redire
330 3061 488 3137 possunt:
507 3072 584 3118 enm
592 3051 732 3135 populis
744 3050 868 3127 liberis,
884 3055 917 3114 et
930 3048 1182 3119 oonsoederetis,

77 3165 114 3222 et
131 3177 212 3222 cum
228 3153 361 3238 regibus
375 3153 615 3238 postliminium
628 3151 726 3217 nobis
741 3159 794 3216 est
811 3153 869 3229 ite,
893 3153 941 3215 uti
964 3167 1039 3214 cunr
1055 3149 1180 3214 hostib.

76 3279 160 3342 quae
177 3259 335 3324 nationes
349 3256 383 3320 in
397 3255 554 3340 opinione
563 3253 576 3294 ⁶
586 3262 598 3300 l
609 3261 725 3320 nostra
734 3261 821 3330 sunt,
833 3271 909 3318 oum
919 3252 972 3316 bis
982 3251 1053 3333 [37]
1063 3251 1182 3334 procul

544 3432 728 3455 ΝΜΜΝΙΙ

109 3552 187 3605 lot'.
209 3567 381 3603 mere-
350 3549 450 3603 -1712
468 3545 889 3612 norregiae-rotumum-
857 3544 959 3597 -Μ
973 3551 1108 3610 percerte-
1080 3545 1180 3595 -Μ

61 3614 665 3734 probibentflfldstrroee-tt'putlrmo
635 3609 1054 3736 -ti.quturuur.-4t'.ita-
1022 3609 1182 3674 -wsiport

185 3709 219 3720 -
301 3695 375 3732 mune

581 3791 688 3844 norm

102 3902 118 3934 v
134 3890 294 3954 thtbeat]
311 3891 455 3940 Prodiderat
466 3889 569 3939 uidetur
579 3890 616 3939 le·
655 3885 733 3938 scribi
744 3884 839 3935 debere
852 3883 951 3947 opinor.
986 3881 1018 3931 In
1036 3879 1180 3942 strumento

59 3968 199 4030 gendum
213 3979 248 4014 ex
260 3965 373 4029 epitoma
386 3965 460 4016 Pauli
472 3979 520 4029 pre
535 3963 614 4029 pobi-
655 3961 770 4011 Servilia
781 3959 845 4022 legis
861 3959 900 4007 eie
915 3965 971 4007 esta
990 3955 1108 4013 QVIVE.
1127 3955 1178 4006 IN.

53 4045 134 4102 berre,
150 4050 185 4091 et
200 4043 256 4090 liro
267 4055 316 4105 pro
326 4041 386 4090 llari.
655 4033 1043 4085 Auerrulmwwrue.
1054 4031 1179 4086 Portio-

95 4127 110 4160 u
138 4117 177 4166 In
211 4115 333 4180 opinione]
366 4114 480 4164 Verbum
508 4113 615 4177 opinion
654 4109 753 4161 TAI'E.
770 4107 948 4160 AMICITIA.
963 4109 1004 4170 tre.

48 4195 128 4244 milri
146 4199 312 4256 suspectum
325 4197 374 4244 ert,
385 4194 411 4239 et
422 4187 615 4254 proemdlcioue
656 4255 659 4260 Ι
