2930 4870
281 355 369 422 1062
623 365 736 417 sexui
762 363 914 416 nouunn
940 365 1041 416 onum

284 516 344 580 cis.
403 511 526 578 Pluntot
540 509 740 596 appellantur
753 511 867 575 semina
883 510 1009 588 olerum,
1026 507 1108 594 quod
1117 507 1225 593 plone
1239 515 1338 588 suntsi

283 613 481 700 appellantur
491 611 608 697 ploutae
618 623 790 676 nostrorum
800 611 914 702 pedum
929 631 966 673 es
979 631 1085 676 causa
1097 609 1205 674 simili.
1253 608 1342 702 ΗΜ

282 715 464 780 dicebantur
478 713 592 777 tubulos
602 713 716 797 pluuu,
730 714 768 777 ol>
783 733 880 798 quem
896 733 1020 776 causum
1038 723 1070 776 ut
1087 709 1204 776 Pluuci
1218 710 1344 795 appellus·

283 827 347 894 tur,
359 817 414 902 qui
434 837 529 900 supro
542 815 663 879 modum
678 817 790 900 pedib.
806 813 913 899 plenis
933 826 1016 879 suut.
1064 812 1250 878 Plaustrum
1261 813 1345 898 puooli

285 911 410 1003 antiqui
423 916 580 983 dicebant
594 918 635 980 ub
649 939 695 998 eo,
709 919 763 1004 qui
780 917 860 1003 pede
875 927 987 982 onusto
1006 917 1149 1001 plaustro
1166 913 1347 1000 percelluit

284 1028 339 1091 ost,
354 1019 471 1082 evertit
483 1041 494 1082 s
507 1015 590 1102 quod
598 1029 707 1102 posteo
719 1018 799 1082 obiit
809 1018 842 1082 iu
855 1017 1052 1102 prouerbium
1060 1019 1108 1095 id,
1118 1018 1210 1101 qnod
1222 1039 1244 1079 o
1261 1015 1347 1080 Pluto

282 1121 317 1184 iu
348 1117 478 1204 Epidico
506 1116 662 1184 Comoedio
684 1119 816 1184 retotom
845 1129 909 1182 eu.-
942 1117 1107 1203 Epidicus
1131 1117 1208 1186 mitt
1234 1118 1348 1204 mugitu

146 1271 154 1286 .
274 1220 369 1306 fuit:
387 1221 491 1305 perii:
512 1242 589 1304 pene
601 1221 782 1307 plaustrum
801 1221 941 1305 perculi.
986 1220 1147 1284 Plebeium
1162 1221 1349 1306 magistratum

284 1321 438 1388 neminem
452 1323 532 1388 licet
547 1344 668 1408 cupere,
687 1324 747 1386 uisi
767 1323 823 1408 qui
837 1343 874 1386 eo·
885 1321 973 1407 plebe
995 1333 1059 1386 est:
1078 1323 1167 1407 mjus
1180 1323 1305 1407 generis
1317 1323 1350 1384 est

285 1423 382 1486 omnis
393 1423 602 1509 magistratus,
618 1426 673 1510 qui
684 1421 876 1508 appellaturi
886 1424 949 1492 isto
962 1423 1106 1488 nomine.
1153 1420 1266 1486 Plutei
1276 1420 1351 1484 dison

285 1535 338 1588 tur
352 1535 449 1589 orotes
464 1526 545 1590 corio
565 1527 664 1590 crudo
679 1529 835 1603 intentus,⁸
860 1547 927 1612 quu
940 1525 1078 1588 solebant
1099 1526 1216 1610 opponi
1229 1519 1352 1587 mittio

284 1641 372 1709 opus
386 1626 555 1692 facientib.
570 1639 600 1692 ot
615 1627 855 1712 appellabuntur
874 1628 1024 1692 militares
1036 1650 1047 1691 .·
1061 1647 1148 1692 nuno
1162 1628 1269 1692 etiam
1283 1627 1354 1690 tuin·

284 1724 332 1803 lu,
348 1727 430 1811 quil).
442 1726 721 1814 quidprosopitur,
734 1728 835 1794 eodem
846 1731 978 1796 nomine
992 1729 1160 1802 dicuntur.
1199 1725 1310 1790 Pleiei
1320 1723 1354 1790 d·

285 1829 382 1895 ditesu
405 1855 465 1896 nou
479 1833 580 1897 minus
591 1833 767 1918 populique
781 1833 990 1918 plebeiscito,
1005 1853 1071 1918 quo
1085 1830 1123 1896 de
1143 1851 1180 1895 eo
1193 1831 1355 1915 magistrats

286 1935 417 2000 creando
430 1935 621 2016 suffragium
639 1933 725 2012 tulit,
740 1945 775 1998 ut
790 1936 883 1999 sacris
895 1933 1008 1998 ustibus
1018 1943 1193 2018 preessent,
1208 1941 1288 1997 sunt
1300 1951 1358 1996 con·

285 2036 410 2100 stituit:
430 2057 506 2122 quos
524 2034 630 2100 Tubu.
648 2036 695 2120 pl.
712 2037 866 2101 ministros
879 2033 983 2122 fuisso
996 2034 1127 2100 dicunt:
1150 2037 1210 2117 qui
1224 2054 1291 2100 una
1303 2052 1359 2098 cun

287 2132 413 2202 Plebeis
424 2137 553 2202 AEdttto.
563 2149 633 2202 sunt
648 2139 754 2219 creati,
764 2137 936 2203 dissidente
950 2139 1048 2221 plebe
1063 2157 1084 2202 e
1098 2133 1228 2200 Potrib·
1248 2134 1360 2200 dioto·

286 2261 343 2302 uos
354 2238 512 2325 ficerunt,
527 2261 609 2325 ques
630 2261 734 2306 novus
759 2249 899 2308 vocant:
915 2261 975 2306 nos
989 2249 1090 2304 autom
1105 2238 1243 2323 quinque
1254 2239 1361 2302 dicimis

286 2359 341 2404 eas
351 2361 429 2406 osse
444 2351 478 2406 et
494 2350 621 2427 septem
639 2344 799 2422 seruntur,
822 2353 852 2407 et
863 2342 995 2428 plebeios
1011 2340 1134 2428 quidem
1147 2339 1363 2426 oppellomust

286 2459 404 2520 genere
417 2439 488 2524 [40]
504 2445 737 2526 magistratus:
752 2464 811 2510 ees
827 2447 914 2516 enim
930 2445 1100 2510 iaciendas
1115 2452 1315 2509 curaverunt
1327 2441 1364 2504 ll.

286 2541 411 2606 lunius
423 2543 556 2608 Brutus.
581 2544 968 2631 Q.OppiusAEdilespl.
992 2543 1367 2628 Plexucolligatusigni·

287 2643 365 2708 ficut
388 2665 432 2710 ex
455 2645 592 2723 Graeco,
618 2648 672 2713 oui
693 2668 755 2713 uos
779 2651 879 2714 etiem
908 2650 1180 2732 praepositionem
1207 2647 1368 2711 adicimus.

286 2765 365 2809 cnm
379 2745 519 2811 dicimus
534 2749 705 2832 perplexa.
749 2751 888 2816 Plentur
899 2751 1023 2834 antiqui
1039 2751 1140 2814 etiam
1158 2749 1232 2812 siue
1247 2766 1368 2830 praepo·

171 2935 174 2946 ¹
288 2847 467 2913 sitionibus
482 2849 649 2914 dicebant.
694 2851 793 2916 Piera
813 2852 944 2918 dixisse
962 2851 1117 2934 antiquos
1132 2851 1231 2915 testis
1245 2858 1299 2914 est
1313 2849 1371 2914 Pu·

288 2950 417 3028 ouvius,
433 2971 507 3015 cum
523 2953 588 3018 uit:
609 2953 711 3020 Plora
727 2973 807 3037 pars
823 2953 1065 3038 pessumdatur.
1109 2952 1303 3018 Ploximum
1320 2969 1371 3032 ep·

287 3050 406 3132 pelluri
428 3054 475 3117 uit
498 3052 664 3133 Catullus,
681 3074 817 3138 capsam
833 3055 867 3118 in
887 3055 983 3132 cisio,
1000 3051 1172 3136 capsave⁶
1193 3073 1271 3117 cum
1284 3052 1370 3126 dixit,

287 3153 438 3235 gingivas
455 3172 533 3220 vero
547 3156 688 3238 ploximi
703 3156 802 3221 hebet
814 3158 944 3224 veteris.
988 3155 1152 3234 Plorure,¹
1168 3155 1258 3232 uere,
1275 3152 1372 3218 inolu-

320 3484 334 3527 ὅ
352 3477 371 3528 l.
383 3480 535 3532 intectae-ti
546 3481 565 3532 f.
577 3497 707 3546 meamne.

782 3632 888 3684 NOTAE

320 3763 332 3789 ¹¹
348 3754 431 3804 Ptetei
441 3757 546 3821 AEdttos]
565 3760 703 3824 Dionysius
716 3763 761 3813 lib.
773 3775 812 3814 vs.
853 3763 918 3815 duos
929 3779 944 3813 e
956 3765 1031 3829 plebe
1046 3762 1249 3819 constituerunt,
1258 3762 1299 3826 qui
1311 3760 1374 3812 fut·

286 3833 383 3883 AEdnes
413 3833 536 3896 plebeios,
573 3844 602 3886 nt
635 3838 812 3891 Tribunorum
853 3841 890 3889 les
902 3839 1024 3904 appellati
1040 3839 1119 3891 sunt.'

288 3908 372 3970 plebis
391 3916 478 3959 essent
496 3910 616 3973 ministri,
635 3921 661 3964 et
680 3921 710 3964 ut
731 3915 811 3966 oneris
882 3921 896 3948 ¹
912 3913 1081 3977 Furorque]
1092 3915 1168 3964 Estod
1179 3915 1205 3963 in
1216 3915 1275 3979 tege
1286 3911 1377 3964 Numa

288 3982 388 4034 edibus
407 3992 557 4046 preessent,
572 3987 635 4037 dicit
653 3997 755 4040 creatos
771 3988 812 4040 fu·
851 3990 1085 4054 hubetexempiar:
1095 3991 1379 4056 etitssntiquossesip·

288 4059 345 4108 ius.
380 4060 484 4123 Digest.
494 4060 539 4112 lib.
551 4075 570 4111 ι.
581 4063 622 4112 tit.
633 4068 657 4113 2.
673 4066 681 4092 ⁴
693 4064 813 4130 Itemque
852 4069 914 4118 sisse
926 4067 1005 4119 trudit
1013 4069 1190 4120 Quintilianus
1203 4068 1321 4118 adducto
1333 4077 1381 4116 ies·

289 4143 319 4183 ut
335 4145 431 4200 essent,
448 4140 491 4201 qui
509 4140 606 4190 sedibus
623 4152 774 4206 praeessent,
786 4145 811 4194 in
853 4144 958 4194 timonio
979 4159 1012 4194 ex
1033 4145 1089 4195 basi
1109 4145 1235 4194 columna
1263 4152 1381 4194 nostrate

289 4209 382 4273 quibus
401 4213 485 4262 omnis
500 4215 563 4264 scits
580 4216 652 4280 plebs
668 4217 813 4278 deferebat.
854 4221 979 4284 Duilii,in
991 4227 1101 4288 quaest.
1117 4233 1215 4272 sinon.
1232 4233 1341 4279 xum,
1351 4227 1384 4280 et,
