2880 4852
270 393 336 460 tos
607 405 724 456 suxrt
748 405 905 454 conetur
929 403 1050 456 rusur-

317 553 395 628 sibi,
406 547 642 632 dnmnntofilio,
656 546 788 612 venditis
798 545 937 611 omnibns
950 547 1247 632 quatuorjngernm
1261 553 1357 629 mern

317 663 404 715 trenes
418 647 549 713 Tiberim
559 659 744 733 percueret,
757 670 847 733 quem
862 669 975 734 agrurn
989 645 1134 712 colentem
1146 657 1277 714 ⁵0an
1291 645 1358 714 Dic·

316 765 458 832 tetorern,
479 774 538 837 per
556 749 726 832 Victorem,
747 750 902 816 salutavit
916 751 1151 828 Cincinnatum
1166 750 1221 834 qni
1244 771 1277 814 re
1299 749 1359 814 bene

314 866 402 943 gesto
417 864 485 919 ecto
499 851 665 938 triumpho,
680 853 723 919 nd
739 853 871 938 privato
886 852 1010 940 negotia
1025 850 1183 939 coeffectim
1197 850 1300 929 rediit,
1316 849 1361 914 de·

311 957 415 1044 posito
432 954 615 1034 Dictatore,
640 956 889 1040 pecuniamque
910 977 974 1019 rene
998 965 1028 1020 et
1047 954 1210 1040 ngroriam
1235 974 1361 1017 exercens

318 1057 470 1125 Romanis
483 1058 564 1142 ipsis
578 1055 767 1124 emulatione·
771 1055 846 1144 fnit
872 1103 880 1120 .
968 1101 978 1119 .
1066 1082 1075 1122 ¹.
1163 1101 1172 1120 .
1266 1105 1274 1121 .
1355 1101 1361 1116 .

321 1211 329 1226 .
419 1181 483 1226 vos
572 1204 580 1223 .
670 1207 677 1222 .
766 1208 774 1226 .
860 1158 948 1242 quod
965 1177 1020 1224 eo.

278 1263 470 1335 Quintiliani
486 1261 622 1346 Luperci
631 1264 640 1300 ¹
654 1259 816 1346 appellati
830 1261 975 1325 ridentur
990 1284 1010 1325 n
1025 1258 1209 1338 Quinctilio,
1224 1260 1281 1344 qni
1291 1279 1366 1343 prn-

312 1365 486 1450 poritnsest
501 1364 671 1449 Lupercis:
693 1374 731 1428 ot
757 1387 777 1428 u
803 1362 902 1428 Fabio
927 1361 1063 1428 Fabiani
1088 1360 1163 1426 dicti
1184 1372 1278 1426 sunt:
1299 1361 1367 1424 itern

318 1467 474 1551 Luperci,
489 1464 574 1551 quib.
589 1465 616 1528 is
636 1463 960 1552 prepositnsfnerit:
976 1463 1082 1552 fnisse
1102 1473 1205 1527 autern
1233 1463 1368 1528 Romuli

318 1568 478 1654 temporib.
491 1567 649 1632 institutos
664 1578 822 1653 utrosque,
839 1577 869 1632 et
886 1565 1054 1644 Fnbinnos,
1076 1574 1109 1632 ot
1124 1562 1370 1644 Quinctilienor,

317 1670 409 1734 meriti
429 1680 499 1734 sunt
521 1669 576 1756 qni
597 1667 789 1734 existiment.
810 1689 952 1754 quorum
975 1689 1139 1733 numerum
1160 1675 1269 1751 postea
1297 1667 1370 1749 sepe

317 1784 442 1839 nectunt
445 1770 558 1859 fnisse,
573 1772 649 1858 qnia
662 1773 798 1839 honoris
815 1772 922 1856 gretia
935 1769 1028 1836 neniti
1042 1770 1076 1834 in
1089 1768 1241 1854 Lupercis
1256 1766 1371 1832 adscri-

318 1871 479 1936 beonntnr.

274 1973 481 2058 Quintipor⁰
503 1973 623 2040 servile
637 1993 757 2042 nomen
771 1976 928 2060 frequens
950 1975 1044 2058 apud
1067 1975 1223 2058 antiquos
1243 1981 1329 2049 eret,
1351 1993 1374 2038 a

316 2077 522 2162 praenomine
560 2077 686 2144 domini
717 2078 869 2157 ductum,
901 2084 941 2142 ut
975 2077 1158 2161 Marcipor,
1189 2074 1375 2158 Ceipore²⁰

317 2181 471 2264 quemvis
486 2179 565 2256 sint,
579 2180 636 2264 qui
661 2199 683 2244 e
706 2199 842 2245 numero
867 2187 1023 2245 natorum
1047 2198 1091 2242 ex
1115 2177 1240 2244 ancille
1256 2177 1374 2262 quinto

320 2279 397 2347 loco
413 2281 540 2346 dictum
555 2288 685 2366 putent.
845 2351 846 2358 χ

166 2447 170 2456 ,
278 2381 457 2465 Quintipor
472 2383 594 2446 servile
608 2402 728 2447 nomen
744 2382 897 2467 frequens
912 2381 1004 2466 apud
1027 2381 1199 2464 antiquos,
1237 2379 1377 2463 [Pnuu.

317 2503 339 2548 a
366 2485 568 2568 praenomine
595 2484 719 2550 domini
743 2483 883 2562 dictum,
907 2491 943 2549 ut
969 2484 1156 2568 Marcipor,
1187 2481 1322 2546 scilicet
1353 2501 1377 2544 a

276 2629 279 2634 -
318 2583 456 2664 Quinto,
471 2594 504 2652 et
519 2586 651 2653 Marco.

276 2684 346 2764 Qui
362 2693 500 2769 patres:
523 2687 579 2770 qui
594 2687 780 2771 conscripti
795 2686 909 2752 vocati
925 2691 1003 2750 sunt
1024 2684 1211 2762 incuriam,
1246 2681 1381 2768 [Fusu.

318 2803 386 2869 qno
401 2783 550 2869 tempore
566 2787 719 2871 Regibus
734 2787 815 2853 urbo
829 2787 996 2871 expulsis,
1019 2785 1060 2850 Ρ.
1075 2785 1231 2851 Valerius
1246 2783 1384 2849 Consul

319 2893 457 2970 propter
472 2889 622 2971 inopiam
637 2887 853 2973 patriciorum
875 2909 920 2954 ex
946 2889 1045 2974 plebe
1069 2887 1196 2970 adlegit
1210 2885 1246 2950 in
1260 2905 1385 2966 nume·¹

307 3220 340 3264 2⁰
358 3216 596 3282 Ed.Scnl‚Gripoc.
705 3243 707 3248 .

772 3366 878 3416 NOTAE

275 3487 353 3525 cere:
371 3475 510 3526 Quintilios
530 3491 580 3527 non
599 3477 807 3541 potuissesuos!
845 3475 1017 3539 ‘ilnccipoc‚'
1043 3472 1176 3539 ‘calpon'
1204 3472 1352 3540 ‘Lucipor
1368 3473 1392 3524 :’

274 3551 335 3600 Ant.
352 3552 417 3614 Aeg.
844 3553 892 3602 lroc
905 3562 955 3610 est,
967 3552 1083 3613 Quincti,
1103 3552 1198 3612 Murci,
1217 3551 1291 3612 Geli,
1309 3553 1394 3603 Lucii

308 3627 407 3682 Quintio
416 3629 500 3693 prete]
509 3627 566 3677 Lir-
576 3629 622 3679 lib.
633 3643 675 3680 nt.
688 3637 753 3680 rect.
763 3635 803 3680 26.
844 3629 1149 3693 poenitientiam.
1193 3627 1265 3677 Nun
1292 3627 1396 3678 Greci

272 3703 370 3753 Locum
382 3703 435 3754 edi.
472 3704 591 3754 Victorem
602 3717 688 3757 eutem
701 3707 743 3757 hic
759 3721 801 3756 eo·
842 3706 935 3767 παῖδας,
947 3713 975 3754 ut
987 3703 1072 3754 Latini
1090 3711 1096 3732 ⁴
1110 3702 1222 3768 puotot,'
1237 3717 1339 3753 servos
1352 3707 1396 3754 di·

274 3779 802 3845 cntFeetuePraeconem,Legetom.Vide
843 3781 947 3842 cebant,
966 3779 1094 3845 quomodo
1114 3779 1194 3830 etiem
1210 3789 1240 3832 et
1259 3780 1342 3831 Gelli
1354 3783 1398 3830 cli·

271 3853 421 3906 ‘victores'
453 3855 517 3906 once
530 3857 557 3906 iu
573 3855 624 3906 line
641 3855 736 3908 desunt
751 3872 803 3909 non
842 3865 1012 3919 coutgarpon.
1031 3853 1114 3906 Idem.

272 3939 314 3982 set
322 3947 426 3996 possum
438 3932 574 3996 conjicere.
585 3932 648 3982 Dee.
880 3940 893 3966 ¹
912 3935 961 3990 Qui
976 3933 1069 3997 prore]
1089 3931 1156 3984 lieo
1181 3931 1232 3982 sub
1259 3933 1351 3984 litere
1371 3935 1397 3982 P

306 4009 477 4064 tQuintiliani
486 4007 598 4072 Luperci]
615 4007 802 4060 Vide‘Fabie·
842 4009 920 4059 scribi
941 4008 1094 4058 debuerunt.
1137 4006 1207 4056 Vide
1234 4007 1399 4059 ‘Adicere’

272 4082 317 4133 ni!
336 4083 409 4134 leem.
842 4087 903 4134 Ant.
914 4083 980 4147 Arg.

306 4165 317 4188 '¹
330 4158 469 4223 Quintipor]
486 4159 540 4210 Pro
551 4161 616 4224 ταῖς,
627 4173 700 4224 puer,
715 4161 801 4210 Dones
876 4161 925 4218 Qui
934 4158 1025 4224 mirer]
1036 4159 1103 4210 Vide
1115 4159 1122 4188 ¹
1132 4156 1250 4222 adjecti'
1263 4165 1293 4210 et
1304 4161 1315 4189 ⁸
1326 4175 1403 4211 cou-

274 4229 397 4282 dicebent
416 4231 470 4295 rip.
510 4234 586 4284 Unde
610 4235 801 4300 ‘Quinctipocss
842 4236 952 4302 scripti!
967 4237 1029 4287 linc.
