2930 4870
266 373 350 442 1048
597 383 710 434 snxur
737 384 888 433 rournrr
914 383 1017 434 resur

263 531 484 597 -neotab'ere't
506 529 594 593 unde
609 529 744 611 quidum
759 529 993 594 metationem:
1016 527 1153 611 quidum
1170 528 1308 608 nictum,
1320 537 1354 594 ut

228 651 230 656 ·
268 632 425 698 cecilius
439 633 474 696 in
489 631 646 714 pugilem:
656 637 679 676 ¹⁵
694 631 778 694 Tum
790 632 876 695 iuter
884 631 1089 696 laudandum
1102 630 1192 696 hunc
1207 630 1355 695 timidum

266 732 416 798 tremulis
432 731 603 814 palpebris
617 738 793 814 percutere
808 734 954 796 nictum:
989 731 1044 794 hio
1067 731 1222 813 gaudere,
1245 739 1280 796 et
1300 733 1357 795 rui-

267 833 380 898 rorier.
426 833 533 897 Niotlt
548 833 641 896 oanis
656 833 691 894 in
707 831 888 897 odorandis
909 831 1052 896 serarum
1073 833 1225 915 vestigiis
1247 831 1358 897 leviter

271 935 446 1016 ganniens,
455 941 491 998 ot
506 932 633 996 Ennius
647 934 680 996 in
690 934 731 998 L.
748 949 789 999 x,
803 933 921 997 Veluti
937 934 967 996 si
981 933 1116 1016 quondo
1128 934 1249 998 vinulis
1262 951 1358 997 vena·

271 1037 340 1101 tica
352 1053 502 1099 venenox
517 1032 542 1072 ¹⁶
565 1041 643 1117 apto
668 1035 762 1118 solet,
785 1035 815 1098 si
839 1035 922 1098 forte
947 1053 991 1098 ex
1009 1053 1090 1099 nore
1115 1036 1231 1116 sagaci
1248 1036 1358 1108 senuit,

270 1157 356 1202 ¹voce
373 1157 434 1202 sua
447 1138 581 1214 uictu,¹⁷
595 1135 768 1216 ululetque
788 1135 837 1198 ibi
864 1141 967 1199 uentu
982 1134 1066 1200 etr¹⁸
1088 1135 1177 1198 unde
1189 1142 1215 1184 ¹⁹
1239 1141 1274 1198 et
1289 1137 1360 1217 ipso

274 1239 433 1321 gannitio.
478 1239 603 1322 Niquis
619 1237 718 1300 seivit
738 1237 888 1302 centurio
906 1242 968 1314 est,
984 1255 1060 1319 quae
1075 1236 1198 1302 dicitnr
1211 1256 1233 1300 a
1246 1238 1359 1300 Servio

275 1340 388 1405 Tullio
402 1360 477 1423 rege
502 1340 696 1416 constituto,
720 1338 754 1400 iu
776 1358 847 1421 quo
869 1339 980 1403 liceret
1002 1339 1035 1402 ei
1056 1337 1247 1420 suffragium
1268 1335 1360 1414 leue,

276 1443 418 1524 quinon
433 1443 563 1507 tulisset
577 1442 612 1504 in
627 1459 699 1516 suu,
714 1440 835 1523 nequis
861 1441 945 1503 civis
967 1438 1114 1520 suffragii
1126 1439 1203 1522 jure
1218 1439 1359 1521 privare-

273 1550 342 1621 tur,
356 1562 433 1608 num
449 1544 606 1606 soisscito
616 1550 643 1580 ²⁰
655 1542 821 1625 significet
834 1543 1031 1606 sententiam
1046 1541 1174 1620 dicito:
1192 1561 1234 1606 ao
1249 1541 1359 1604 suffra·

277 1645 367 1725 giurn
388 1644 499 1720 ferto,²
529 1643 617 1707 unde
639 1646 727 1708 seito
741 1644 868 1727 plebis:
890 1643 950 1708 sed
972 1645 1006 1706 in
1024 1662 1066 1707 eo
1080 1644 1358 1726 centuria,neque

277 1750 432 1809 censetur
446 1747 650 1829 quiequam,³
666 1764 774 1827 neque
796 1746 943 1810 centorio
959 1745 1147 1828 praefinitur,
1163 1765 1274 1829 neque
1287 1764 1359 1809 cen·

275 1847 407 1911 turialis
421 1852 531 1930 potest
549 1865 635 1924 esee,
659 1847 740 1930 quio
761 1867 859 1912 uerno
880 1853 990 1911 certus
1012 1855 1064 1911 est
1086 1848 1163 1930 ejus
1187 1849 1360 1912 centurie:

280 1955 333 2013 eet
346 1955 455 2014 aulem
469 1950 609 2031 nequiu⁴
634 1949 746 2025 seivit,
762 1950 826 2012 nisi
847 1950 924 2032 quis
944 1951 1071 2013 scivitz·
1099 1949 1282 2031 Ningulns,
1295 1947 1363 2010 uul-

279 2051 343 2130 lus,
358 2057 395 2116 nt
410 2050 535 2115 Ennius
551 2050 589 2113 L.
605 2067 648 2113 11.
662 2051 720 2133 qui
730 2050 820 2115 letto
836 2051 1128 2134 minitereetque*
1147 2053 1239 2114 inte⁵
1254 2051 1360 2112 uincu-

280 2153 357 2217 lue⁶
380 2151 503 2217 mederi
518 2159 628 2236 queat.
673 2153 778 2235 Niger
799 2154 887 2235 lupis
909 2154 942 2216 in
957 2151 1105 2217 Comitio
1119 2152 1236 2217 locum
1258 2151 1361 2214 lunes-
1461 2227 1462 2236 ἵ

281 2261 348 2320 tum
364 2255 541 2337 significat,
553 2260 591 2318 ut
606 2254 661 2331 uli,
664 2262 676 2302 ⁷
691 2252 828 2318 Romuli
844 2255 939 2318 morti
954 2253 1167 2318 destinatum.
1212 2251 1281 2333 [26]
1301 2250 1360 2315 Sed

282 2376 350 2421 non
361 2375 423 2420 usu
439 2356 581 2434 obvenit,
597 2366 633 2420 ut
647 2354 692 2418 ibi
706 2354 896 2438 sepeliretur,
918 2354 972 2420 sed
993 2353 1190 2420 Faustulum
1204 2353 1360 2419 nutricium
1461 2417 1462 2462 ἐ

281 2456 346 2539 ejur
359 2455 403 2518 ihi
417 2456 688 2543 sepultumfuisre,
704 2466 733 2520 et
751 2453 956 2524 Quintilium
971 2477 1071 2544 ovum
1086 2459 1112 2522 ti
1191 2502 1199 2519 .
1283 2502 1292 2518 .

232 2571 233 2577 ’
282 2579 336 2643 qur
331 2555 484 2621 Romuli
492 2570 600 2642 portes
620 2557 802 2643 sequebatur
827 2560 922 2642 cujus
944 2559 1073 2623 familia
1093 2556 1178 2624 dicta
1204 2554 1363 2632 Quintilla,
1461 2537 1462 2608 ξ

273 2659 372 2744 juxta
385 2659 676 2743 appellationem
646 2680 729 2743 ejus.
767 2657 894 2724 Nouum
907 2658 1255 2745 Grooiuosuqnnrium
1267 2658 1363 2722 dicunt
1461 2685 1462 2688 ¹

231 2761 464 2826 hirmilem⁸
481 2767 514 2826 et
528 2781 703 2840 coucuuutu,
717 2760 801 2847 quod
811 2759 906 2846 uulgo
919 2772 1029 2824 oocuut
1047 2763 1175 2826 titulum
1189 2766 1362 2836 barbatum,

285 2861 367 2928 uude
380 2863 466 2943 uuor',
473 2861 658 2946 pumiliones
671 2861 878 2946 appellantur.

330 2964 457 3030 Neoem
473 2966 665 3049 suspicatur
685 2963 808 3030 Verrius
823 2988 843 3028 o
862 2963 970 3031 Gruoo
985 2967 1075 3032 duci:
1096 2989 1170 3030 uum
1185 2965 1235 3030 itti
1255 2981 1365 3048 necyn,
1461 2959 1462 3000 t

286 3078 446 3131 mortuum
461 3066 577 3131 meunt.
622 3066 700 3131 Inde
714 3087 766 3132 uos
782 3067 919 3147 dicimur,
943 3068 1062 3135 recido.
1106 3069 1230 3132 Nivem
1249 3063 1370 3130 Ventus

287 3167 509 3252 iuterpretatur
525 3191 636 3232 tronum
658 3189 694 3230 eu
708 3167 841 3248 Graeco,
856 3171 914 3254 qui
930 3173 964 3236 id
979 3191 1062 3236 neou
1078 3168 1198 3234 dicunt.
1245 3165 1279 3230 N
1364 3212 1372 3225 .
1461 3187 1462 3206 ¹

387 3315 395 3330 .
481 3270 696 3356 significutda
776 3313 1171 3338 .....
1258 3266 1376 3352 Nequi·

323 3613 924 3678 rrt.u'.-uutere-.1⁵tpugtte.-1ur.eenox.-
894 3613 1218 3665 -ιτῖΗηίιιὶε-ιεῇιιι.
1219 3608 1386 3660 -ruti-r.
1461 3601 1462 3606 ’

290 3677 622 3730 -uof.setrco.-rf.otco.
626 3675 1386 3744 -2l1srro.—-³f.quirprtum..-·tsuiqnir.-5l.nite.-ti
1461 3735 1462 3738 Ἴ

290 3743 310 3795 f.
321 3743 470 3807 ninguluu—
471 3749 486 3794 ‘l
504 3743 523 3793 f.
534 3745 586 3794 olii.
587 3749 635 3793 -8
652 3742 671 3795 l.
682 3745 777 3794 trumt'le

779 3958 888 4008 NOTAE
938 3965 941 3970 '

323 4087 435 4150 ¹Atqur,
451 4087 504 4151 lfa]
530 4087 628 4136 Vereor
640 4086 716 4136 Ennii
728 4093 815 4151 potent
855 4085 965 4137 iodiorri
983 4084 1136 4136 Quintillum
1155 4095 1224 4141 rum,
1242 4093 1329 4143 equo
1343 4083 1399 4132 Ln-

291 4161 327 4210 lto
339 4163 417 4211 ellum
428 4163 487 4224 legi,
504 4163 582 4225 Atque
593 4167 618 4211 ut
628 4167 659 4224 te,
667 4166 708 4225 tu.
854 4161 925 4224 perci
936 4159 1088 4212 Quintllinni
1099 4156 1162 4206 dieti
1174 4163 1243 4205 runt.
1273 4154 1358 4207 vioe
1370 4157 1398 4210 in

324 4235 332 4264 ¹
350 4233 503 4296 Quintilium]
530 4236 631 4298 Opinon
647 4238 688 4286 lrir
706 4252 721 4286 ι
737 4237 815 4287 Fetto
856 4233 1061 4287 ‘Quinctilium'
