2908 4870
309 365 375 431 900
484 434 490 442 ,
641 379 756 430 snxrr
779 381 933 430 sourmr
958 379 1063 430 rnsrr

355 525 481 608 cipiunt
504 524 662 591 custodes
686 525 849 607 cujusque
873 523 1041 607 corporis:
1080 521 1169 587 unde
1192 525 1228 588 et
1250 519 1374 604 stipam*

354 633 445 708 quat
470 624 639 708 amphorae
669 643 745 688 corn
759 631 975 688 exstruuntur
997 625 1118 688 firmari
1143 622 1275 688 solent:
1295 625 1374 688 mam

354 727 496 809 stipites,
511 727 569 810 qui
582 726 627 790 ob
641 725 777 789 candem
791 745 926 791 causam
941 721 1207 790 destituantur.³¹

312 827 513 910 Stipatores,
522 826 558 890 id
572 833 635 900 est,
649 827 808 892 custodes
822 829 984 910 cujusque
995 827 1155 909 corporis,
1168 825 1250 889 dicti
1264 823 1374 906 [Prot.

353 936 463 992 sunta
478 930 577 1010 stipe,
593 946 695 1012 quam
707 928 922 1010 accipiebant
935 926 1098 992 mercedis
1113 927 1256 991 nomine.

311 1029 511 1113 Stipatores,
530 1031 680 1112 eorporis
695 1029 862 1108 custodes,
877 1049 963 1112 quos
977 1028 1105 1112 antiqui
1125 1029 1270 1092 temones
1293 1043 1374 1088 voca·

353 1130 446 1206 bant,
461 1132 576 1213 stipati
588 1133 677 1194 enirn
692 1131 777 1194 terro
791 1131 985 1194 circundant
997 1149 1139 1212 corpora
1155 1148 1276 1212 regum.

222 1283 228 1296 .
313 1227 498 1313 Stipatores
528 1229 777 1313 appellabuntur
801 1231 936 1314 corporis
965 1231 1135 1306 custodes,
1162 1249 1248 1312 quos
1270 1227 1374 1312 [Fssr.

353 1331 476 1414 antiqui
489 1329 622 1393 latrones
635 1330 792 1406 dicebant,
811 1332 844 1395 id
860 1338 921 1408 est,
937 1329 1141 1395 mercenarios
1154 1329 1209 1414 qui
1222 1347 1287 1391 curn
1307 1329 1375 1390 terro

353 1430 443 1494 velut
458 1429 677 1493 circundoburtt
693 1451 804 1512 regum
820 1451 962 1514 corporo.

310 1531 469 1613 Stipcmm
485 1551 560 1594 csse
586 1551 754 1596 nummum
767 1534 945 1613 signatum,
964 1529 1156 1594 testimonio
1184 1535 1237 1594 est
1259 1528 1375 1611 [Pron.

350 1631 402 1714 (et
427 1631 461 1696 id
477 1631 567 1714 quod
581 1629 918 1712 datnrtstipendium
939 1630 1050 1706 militi,
1065 1638 1099 1695 ct
1120 1649 1196 1694 curn
1220 1628 1376 1710 spondetur

352 1733 506 1814 pecunia,
523 1729 612 1814 quod
628 1732 782 1814 stipulari
796 1731 927 1794 dicitur.

312 1831 429 1916 Stipem
443 1831 583 1894 dicebaut
594 1833 765 1913 pecuniam
781 1833 955 1913 signatum,
970 1829 1052 1915 quod
1067 1831 1256 1916 stiparetur:
1270 1827 1375 1912 [Fssr.

352 1934 429 1996 idco
446 1931 599 2014 stipulari
613 1929 727 1996 dicitur
742 1932 777 2012 s's,
793 1931 846 2016 qui
857 1931 1072 2013 iuterrogatus
1086 1929 1213 2013 spondet
1226 1929 1337 2012 stipam,
1350 1924 1377 1986 id

308 2044 666 2218 Stiedec'ssssiustistcrrte
681 2130 823 2196 detixus.
1259 2129 1376 2212 [Prot.

766 2291 947 2312 ”nonunt

338 2413 354 2456 1
371 2409 432 2458 Vet.
446 2408 504 2458 eod.
515 2412 641 2472 qum—t
660 2409 707 2456 Vir
718 2406 788 2457 doct.
800 2407 825 2456 in
835 2421 913 2468 rnsrp.
925 2406 966 2456 ed.
976 2407 1045 2456 Soet.
1056 2405 1166 2468 conjicit
1174 2401 1377 2456 castrumve!

307 2473 464 2522 destisostur.
498 2471 564 2522 Vide
578 2473 641 2522 Not.
652 2471 745 2522 tur-r
763 2471 887 2522 vescon.
898 2472 961 2520 stds
972 2472 1150 2534 equetus.

798 2661 902 2734 sora

338 2771 465 2837 *stim
478 2775 529 2824 Pro
538 2780 641 2838 stupes,
652 2783 679 2824 st
689 2789 776 2839 soprs.
794 2776 831 2825 At
870 2775 978 2836 dictant,
990 2774 1059 2838 quod
1069 2788 1105 2824 es
1116 2787 1217 2838 qusque
1224 2773 1307 2835 stipem
1315 2770 1379 2820 dice·
1427 2759 1428 2776 ¹

305 2849 452 2900 dormitavit
471 2852 509 2899 sir
526 2865 638 2900 susumus
654 2867 713 2901 cum
729 2851 831 2914 scripsit
870 2850 942 2900 bsnt.
977 2851 1042 2899 Num
1061 2849 1131 2912 quod
1144 2849 1291 2898 essesiitrre
1301 2847 1379 2910 pendo
1426 2829 1427 2861 ¹

304 2924 452 2986 hiestipsm
464 2939 525 2974 esse
543 2939 646 2975 erucem
666 2941 710 2976 eeu
730 2927 830 2990 petibu-
869 2933 954 2986 ersut,
973 2926 1016 2989 qui
1035 2932 1192 2987 acceperant
1210 2925 1319 2988 majorum
1335 2936 1379 2968 na·
1425 2915 1426 2947 ¹

305 2998 358 3048 totu
376 3001 417 3048 oui
438 3001 552 3064 argiitsm
572 3002 705 3064 imponunt
729 3002 830 3065 plaste.
869 3015 1037 3064 mesura,nou
1052 3001 1149 3050 instes
1161 2997 1379 3066 ponebant-edin
1424 2991 1425 3033 i

305 3074 381 3126 Quod
395 3072 584 3125 Groecirocsnt
594 3075 725 3132 Κύπρον.
738 3077 812 3124 Idem.
869 3075 953 3138 sliqos
972 3076 1037 3124 celte
1055 3075 1200 3137 stipabunt,
1213 3075 1237 3124 id
1256 3081 1299 3128 est,
1312 3087 1380 3120 τοπι-
1423 3061 1424 3119 i

338 3147 541 3212 'Destitsustud
559 3151 764 3200 Nousideocsr
781 3153 829 3200 siri
869 3151 1068 3214 ponebantque
1082 3150 1165 3199 minus
1181 3151 1229 3200 toci
1245 3157 1381 3209 occuparet.
1422 3135 1423 3207 t

304 3221 376 3272 docti
395 3226 574 3287 rescripserint
588 3226 771 3287 constituentur,
787 3228 829 3275 set
869 3223 893 3274 Α
905 3223 1026 3288 stipando
1036 3226 1128 3287 stipem
1139 3225 1227 3274 dicere
1240 3221 1380 3286 ceperunt)
1421 3211 1422 3293 t

303 3299 463 3348 Mimas·-
496 3299 638 3362 Eleganter
659 3299 728 3347 enirn
748 3297 828 3348 Vete·
869 3300 905 3350 Et
923 3313 981 3349 mos
995 3316 1001 3346 τ
1017 3299 1071 3348 ‘Et
1088 3300 1133 3363 qni
1153 3299 1281 3362 pecusisrs
1296 3297 1382 3358 slligat

303 3387 344 3423 sss
373 3373 495 3423 dicebant
522 3373 685 3432 destitutum,
707 3372 829 3422 detisnm.
868 3372 986 3436 stiputsri
1003 3379 1031 3422 et
1048 3373 1212 3436 restipulari!
1242 3369 1287 3422 Sed
1297 3371 1334 3419 de
1343 3371 1384 3418 sti·

302 3445 346 3496 Sic
357 3447 720 3497 Gorscctrusinorstionede
731 3445 828 3510 tegitur
865 3448 946 3511 putori
962 3446 1035 3496 multi
1053 3447 1217 3503 dissentiunt,
1232 3459 1335 3510 quornm
1345 3444 1386 3492 stit

302 3521 470 3582 promulgatis
480 3536 540 3570 usus
550 3529 591 3572 est
602 3536 633 3570 eo
646 3522 724 3571 serbo
740 3523 766 3570 in
784 3535 826 3570 eo·
868 3536 884 3571 u
904 3521 1027 3572 firmiteta
1045 3523 1156 3586 stipstors'
1176 3522 1268 3571 dietum
1286 3521 1386 3570 sotsun

303 3593 361 3640 dem
372 3593 590 3655 significaturum
601 3597 696 3661 iuquit:
707 3594 827 3645 ‘Idcirco
867 3595 936 3659 qrrod
949 3596 1061 3646 Veteres
1072 3595 1172 3658 fineen
1186 3595 1303 3644 dicebsst
1313 3593 1388 3656 stipe

303 3667 377 3730 patus
395 3665 537 3718 destitutus
556 3679 597 3720 est
620 3672 646 3720 in
664 3670 729 3726 toro,
745 3685 827 3736 eoque
866 3670 924 3720 ists:
942 3669 1064 3718 Atiirure
1076 3677 1164 3718 nstruu
1176 3668 1275 3718 terbum
1287 3669 1390 3728 dieunt,

302 3745 430 3794 sdductus
451 3759 503 3794 sne
524 3747 637 3795 civitatis
655 3746 826 3796 nobilissimus
866 3744 1389 3808 sstiputsscilieetquisineoutrsetibus

301 3820 376 3869 homo
399 3819 437 3867 Μ.
456 3819 573 3868 Mariost
597 3821 760 3870 Vestimenta
781 3819 826 3870 de·
866 3820 972 3882 sgrsriis
990 3821 1112 3882 stiputsm
1125 3819 1254 3881 terrebunt,
1270 3833 1336 3882 qut
1353 3831 1390 3868 to

302 3900 388 3944 tracta
404 3903 472 3958 snut,
493 3895 571 3958 virgis
591 3909 674 3944 cesus
693 3895 750 3946 est!
792 3898 826 3946 Et
866 3901 1022 3958 tanagrum
1035 3901 1244 3958 representaret.
1262 3895 1391 3946 Quant-

302 3967 399 4018 Varro:
418 3969 460 4017 ‘Si
469 3982 556 4018 eorum
568 3969 637 4018 cotts
647 3969 673 4018 in
684 3967 770 4020 turcas
780 3969 825 4020 de·
865 3970 890 4018 hi
902 3971 987 4032 potior
997 3971 1134 4020 sententis.
1155 3971 1227 4022 ruera

300 4044 405 4092 stitutus
421 4039 571 4094 incluserit.¹
589 4044 665 4092 Idesr.
897 4051 908 4078 ¹¹
925 4044 1017 4108 Stipes]
1034 4047 1120 4095 Mutts
1136 4047 1222 4096 omisit
1237 4045 1351 4108 Psslus,
1366 4055 1392 4095 ut

332 4125 349 4149 ¹¹¹
367 4117 469 4182 Stipem]
481 4117 703 4168 Vsrr.lib.1v.de
716 4119 745 4169 t.
755 4119 783 4168 L.
796 4119 822 4168 is
863 4133 895 4171 ex
906 4121 977 4171 Festi
993 4121 1107 4186 reliquiis
1118 4127 1234 4186 sppsrst
1249 4121 1319 4170 Ast.
1332 4124 1390 4182 Ass·

303 4185 368 4238 tine:
385 4191 460 4242 ‘Hoc
473 4196 555 4256 ipsum
563 4193 718 4256 stipendium
729 4209 743 4243 s
753 4195 821 4258 stipe
