2920 4848
276 335 342 402 594
625 347 736 398 sexui
761 345 915 397 neuneu
941 343 1044 394 unser

278 491 423 560 Picnm‘1
436 511 531 558 erem
540 499 563 538 ¹¹
579 491 715 574 quidem
730 490 854 555 dictum
876 494 998 573 putant
1012 509 1033 552 e
1048 487 1132 552 Pico
1150 504 1226 569 rege
1240 484 1364 550 Abori-

322 597 440 678 ginum,
457 591 547 676 qnod
563 592 592 655 is
608 591 726 655 solitus
742 592 830 654 sit.¹4
888 630 1277 652 .....

278 696 448 762 Pieridcs‘
460 711 566 758 music
576 698 710 775 propter
725 693 960 769 amoenitatem,
976 709 1017 756 ac
1032 691 1244 755 solitudinem
1258 686 1364 752 Pierii

284 851 292 866 .
319 796 444 861 montis
465 794 566 857 dictee
587 792 749 870 videntur,
766 793 854 877 qnod
867 802 892 840 ¹⁵
914 812 964 858 eae
981 793 1116 857 secretis
1129 791 1212 856 locis
1227 793 1364 873 propter

320 898 431 962 studia
442 894 591 959 liberalis
604 893 816 958 delectentur.

276 997 430 1063 Pierides
444 1016 547 1060 museo
559 1016 580 1059 a
596 994 708 1058 Pierio
720 1001 830 1058 monte
846 993 947 1058 dictae
964 999 1055 1056 snut.
1223 988 1365 1072 [Pico.

277 1100 442 1164 Pietatem
458 1102 493 1160 ut
508 1097 603 1160 Deos
618 1100 744 1158 ceteros
757 1095 909 1158 colebant
921 1091 1079 1156 Romani.

276 1199 421 1264 Pietati'
439 1198 546 1262 eedem
569 1197 611 1260 ab
641 1195 753 1261 Acilio
776 1202 1006 1263 consecratam
1029 1193 1130 1268 siunt,
1159 1208 1200 1254 eo
1237 1189 1366 1273 [Fusr.

318 1303 409 1376 loco,
418 1318 486 1382 quo
496 1296 662 1380 qnondam
672 1294 824 1360 ¹⁶mulier
832 1294 1030 1360 habitaverit
1039 1311 1115 1376 quae
1124 1299 1252 1374 patrem
1264 1307 1364 1353 sunm

318 1402 486 1464 inclusum
506 1416 638 1466 carcere
656 1397 808 1461 mammis
822 1397 893 1459 suis
908 1396 993 1459 elom
1008 1392 1137 1471 eluerit,
1153 1393 1197 1458 ob
1214 1390 1278 1454 hoc
1293 1389 1366 1453 lec·

318 1508 387 1566 tom
401 1500 579 1582 impunitas
593 1499 626 1560 ei
641 1483 803 1561 'concesse
816 1498 897 1561 sit-¹⁷

272 1601 410 1683 -Pigere,
426 1600 587 1664 interdum
601 1618 662 1682 pro
678 1599 813 1676 tardari,
827 1596 988 1662 interdum
1004 1615 1068 1680 pro
1087 1593 1195 1680 poeni·
1224 1591 1364 1672 [Psuu.

320 1711 389 1767 tere
404 1701 484 1785 poni
499 1701 597 1766 solet.

308 2033 339 2081 lit
355 2030 410 2082 ios.
419 2027 488 2080 Scri.
499 2027 599 2079 noterit
608 2027 665 2077 brec
674 2020 776 2092 qriidem
792 2039 850 2076 esse
869 2023 948 2082 Festi,
960 2021 1005 2072 sed
1026 2035 1077 2070 non
1090 2033 1123 2069 ex
1144 2024 1196 2068 rer.
1207 2016 1252 2066 lib.
1265 2023 1364 2066 sumis.

273 2098 339 2143 —lt
356 2094 404 2143 Ed.
423 2092 491 2142 beel.
501 2107 546 2155 quo
556 2093 682 2142 sonions
691 2091 797 2140 sis-rs
814 2089 880 2139 End.
892 2086 933 2138 ed.
944 2089 1061 2150 que—ld
1076 2085 1137 2134 Vet·
1156 2082 1202 2132 lib.
1212 2082 1364 2144 quadra.—

274 2163 305 2208 17
322 2159 384 2207 Ver.
394 2157 438 2207 iib.
449 2157 579 2220 impositus
590 2157 614 2206 ei
623 2169 743 2206 menses
752 2155 792 2202 sit.

762 2336 870 2388 NOTAE

304 2452 317 2487 ί
336 2451 431 2514 Picum]
456 2451 497 2502 ne
510 2451 577 2501 Pico
587 2463 649 2514 rege
660 2450 687 2498 in
699 2462 771 2498 erem
783 2464 800 2498 s
835 2447 966 2500 Hebraico
981 2446 1079 2513 phrasi,
1096 2449 1177 2494 vetes·
1210 2443 1246 2492 Et
1260 2442 1296 2492 its
1306 2441 1367 2492 die·

274 2528 348 2578 Circe
360 2541 484 2577 converso
495 2527 568 2589 Virg.
580 2527 624 2576 tib.
635 2537 685 2574 ru.
699 2523 799 2574 AEneid.
835 2530 877 2572 tus
889 2523 973 2584 Piros,
982 2521 1051 2587 qood
1064 2533 1111 2584 per
1119 2518 1240 2568 reticinie
1249 2517 1366 2568 celebris

274 2603 352 2652 Orid·
370 2603 412 2653 lib.
428 2616 489 2652 xiv.
500 2601 609 2651 Metsnr.
642 2601 720 2650 Hunc
732 2599 799 2663 cpti-
835 2605 914 2660 esset,
924 2602 974 2648 &e
991 2598 1054 2646 Dus.

272 2691 343 2725 mum
355 2689 476 2738 engnrern
488 2673 575 2736 foisse,
586 2681 613 2725 et
623 2674 710 2737 picem
725 2687 798 2722 erem
867 2677 879 2704 θ
894 2671 1016 2733 Pierides]
1036 2671 1088 2720 Cur
1100 2681 1178 2718 mosee
1187 2666 1266 2718 dicre
1278 2667 1365 2716 Pieri·

273 2748 422 2812 diiigsntius
431 2731 525 2797 ceteris
533 2747 692 2809 obserasse,
700 2746 735 2795 sit
741 2746 800 2795 Ser·
835 2748 885 2809 des,
895 2747 958 2796 mire
969 2747 1080 2795 Veteres
1096 2744 1260 2804 dissentiunt,
1276 2742 1335 2791 eliis
1349 2759 1367 2792 s

273 2823 329 2872 sior
351 2836 383 2871 ex
403 2821 473 2871 libris
493 2819 667 2870 Pontificsiib.
688 2818 799 2868 vidend.
832 2820 923 2869 Pierio
938 2825 1033 2880 monte,
1044 2818 1101 2867 eliis
1113 2833 1129 2866 s
1143 2817 1230 2866 Pierio
1240 2815 1368 2881 quodem,

273 2898 343 2948 Ptin.
365 2897 410 2947 lib.
427 2909 455 2947 x.
471 2910 529 2959 esp.
550 2899 589 2943 18.
621 2895 661 2944 Ex
674 2893 714 2944 bis
727 2894 799 2943 Festi
835 2903 864 2945 st
883 2895 939 2945 eliis
961 2894 1064 2945 siinnde
1084 2907 1176 2944 nomen
1194 2891 1367 2942 docentibus.

272 2973 361 3036 serbe,
373 2987 429 3037 que
445 2969 634 3034 desiderantur,
649 2969 798 3034 suspicabe·
834 2970 891 3034 Ego
903 2983 958 3034 qne
970 2983 1003 3018 ex
1014 2968 1116 3017 strides
1131 2967 1243 3018 lectione
1260 2966 1367 3017 dissere

272 3047 317 3096 ris.
333 3049 393 3097 Ant.
404 3048 468 3108 Aeg.
834 3044 917 3106 potul.
938 3045 979 3093 vei
997 3044 1149 3107 conjecture
1159 3043 1236 3091 etism
1248 3044 1366 3106 amoni,

194 3125 195 3130 ’
304 3121 391 3170 Pirum
412 3119 489 3182 esem]
506 3119 572 3170 Ques
593 3118 636 3168 bic
652 3117 746 3168 desunt
760 3117 798 3168 sie
834 3116 949 3168 breviter
964 3132 1101 3181 erponem.
1142 3118 1234 3166 Pieres
1244 3117 1367 3166 'lbrseiae

271 3193 341 3245 forte
353 3195 495 3257 supplendo
508 3200 584 3243 sont:
601 3194 624 3244 A
641 3208 697 3254 rege
712 3194 798 3243 Abori·
833 3193 894 3242 elim
905 3195 995 3257 populi
1007 3192 1089 3256 t'usre,
1099 3191 1153 3258 qui,
1171 3192 1281 3257 propriis
1292 3193 1368 3242 sedi·

270 3271 364 3330 ginone
374 3270 434 3332 quod
444 3267 466 3316 is
478 3269 562 3317 solitus
572 3269 604 3318 sit
616 3282 642 3317 eo
652 3269 678 3318 ts
686 3269 799 3332 cuspidis
835 3268 881 3318 bus
894 3269 1002 3330 relictis,
1021 3268 1182 3318 Macedoniis
1199 3275 1298 3332 perteus
1314 3268 1368 3316 eli-

271 3346 318 3394 rrti.
351 3345 419 3392 Nem
431 3342 523 3393 Picum
540 3343 643 3392 earomt
659 3341 796 3408 filiurnop·
833 3343 1027 3408 quem,delnde
1047 3345 1124 3392 etism
1140 3344 1267 3392 Boeotiem
1285 3355 1367 3392 occu·

272 3421 360 3471 timum
368 3433 487 3483 sugerem
496 3419 621 3481 inissem
630 3420 714 3484 picum
723 3436 796 3471 seem
832 3431 938 3480 perere,
956 3426 983 3468 et
1001 3419 1027 3468 in
1043 3419 1145 3468 Boeotis
1158 3417 1322 3478 Heliconem,
1333 3425 1367 3466 et

272 3494 366 3544 ceteris
384 3494 531 3558 diligentins
549 3495 699 3544 observasse
717 3495 797 3546 tredit
833 3501 934 3544 sntrurn
946 3494 1123 3544 Libethridum
1134 3494 1322 3558 Nympbsrnm,
1334 3501 1367 3542 et

270 3567 413 3619 Serriesex
421 3569 492 3618 libris
502 3568 706 3620 Pontifieelibns.
720 3569 796 3620 ‘ilos
831 3571 859 3620 tn
871 3572 1027 3621 Macedonis
1039 3572 1162 3633 Pierlsm,
1178 3580 1206 3620 et
1215 3571 1366 3633 Pimpleam

271 3643 396 3708 tingitur,’
414 3645 507 3709 iuquit,
523 3644 609 3709 ‘qnod
625 3644 797 3708 Pienssngur
832 3645 918 3696 tontes
945 3647 1141 3698 dedicaverunt.
1174 3647 1249 3696 Unde
1274 3645 1365 3696 blusse

270 3715 332 3782 fuit,
343 3724 370 3767 et
381 3719 449 3768 domi
460 3719 550 3768 hebuit
558 3720 655 3782 picem,
664 3733 711 3782 per
721 3733 796 3785 quem
832 3720 1051 3784 ‘Helieoniedes,'
1067 3722 1075 3749 ί
1087 3719 1266 3781 Libethrides‚'
1282 3719 1367 3769 ‘Pie-

270 3792 360 3844 t'nturs
386 3796 520 3857 noscebst,
538 3795 604 3859 qnod
629 3795 796 3846 Pontificsles
832 3795 919 3858 rides‚’
935 3802 963 3845 et
982 3796 1176 3858 ‘Pimpleides.'
1206 3793 1273 3844 Vide
1290 3793 1364 3845 infre

270 3869 475 3920 iudicenttibri.'
506 3868 796 3923 idemlsidordibarr.
833 3869 1026 3934 ‘Pimpleidos'
1043 3870 1117 3920 Idem.

271 3945 362 4008 origin.
396 3945 447 3994 Sed
464 3943 524 3994 vids
540 3942 607 3994 infre
623 3943 651 3993 in
666 3943 717 3994 fine
733 3946 796 3996 ⁴1³1-
864 3945 992 4011 ‘Pistotss
1009 3949 1070 3998 Earn
1083 3945 1367 3998 aedemvovitMsnins

271 4030 318 4066 eus
330 4018 394 4067 rex!
407 4018 713 4070 Pirussntsnrsbeodern
724 4020 796 4070 tonte
833 4021 931 4073 Acilius
952 4022 1070 4083 Gtsbrio,
1085 4022 1129 4086 qni
1149 4019 1308 4071 Proconsuie
1327 4023 1366 4071 de

273 4105 325 4154 qno
342 4093 454 4157 ‘pbics,'
468 4093 558 4157 ‘pics‚’
575 4109 653 4158 snpre
662 4095 689 4144 in
702 4096 797 4145 ‘Pics·
833 4110 895 4161 rege
915 4097 1043 4146 Antiocho
1060 4095 1237 4158 trinmpbsrit.
1256 4094 1367 4145 dedice-

273 4164 326 4217 tir'
344 4179 436 4232 nempe
453 4168 573 4234 spissia,
589 4167 690 4234 ridens,
706 4167 732 4218 ld
748 4174 798 4235 est,
833 4170 871 4224 rit
881 4169 948 4222 tilius
958 4170 985 4221 in
998 4169 1054 4222 toro
1069 4170 1182 4234 olitorio,
1200 4178 1228 4222 et
1242 4170 1297 4226 illie
1308 4179 1367 4220 ers—
