2934 4864
480 417 754 472 succursuros«.
1074 405 1161 472 11³5

80 557 231 624 Afranius
246 559 280 622 in
296 557 470 640 Priuigno:
486 557 543 622 Sic
560 559 653 640 ogit⁴
666 559 765 623 orbus
781 557 870 624 virili
884 579 970 624 sexu
985 559 1162 644 adoptarit

79 660 148 724 sibi.
191 659 362 723 Pacuvius
377 660 412 723 in
427 656 608 724 Atalanta:
629 658 808 743 'l'riplicem
829 660 916 724 virili
931 679 1016 724 sexu
1032 670 1162 744 partum

78 768 235 844 procreat.
278 759 547 843 simpludiarear
563 759 676 824 lunera
690 767 779 838 sunt,
792 762 885 844 quib.
901 762 1099 828 adhibentur
1115 765 1161 830 D.

78 861 135 924 'hs
147 859 230 937 ludi,
247 861 462 943 corbitoresq.
478 859 614 944 qnidam
635 879 677 926 ea
703 861 856 927 dixerunt
876 881 961 939 csse,
976 864 1067 945 quib.
1082 885 1163 930 ncu-
1259 895 1263 900 ·

77 969 156 1026 trum
172 981 278 1044 genus
292 963 470 1026 interesset
484 961 656 1025 ludorum:
679 981 755 1025 narn
776 962 938 1025 indictiva
960 969 1050 1041 snut,
1069 965 1162 1049 quib.

76 1063 269 1145 adhibentur
282 1082 350 1127 non
375 1063 446 1128 ludi
466 1061 579 1140 modo,
593 1062 653 1126 sed
668 1064 768 1128 etiam
783 1063 977 1139 desultores,
993 1082 1070 1146 quae
1085 1072 1163 1132 sunt

77 1164 290 1249 amplissima.
334 1165 404 1229 Sex
427 1163 585 1242 suffiapia
611 1161 821 1249 appellantur
834 1163 870 1226 in
890 1165 1035 1247 equitum
1052 1171 1163 1229 centu·

72 1266 141 1343 riis,
156 1285 234 1348 quae
249 1273 324 1329 sunt
341 1263 506 1330 adlectae⁶
521 1266 554 1330 ei
567 1284 708 1330 numero
723 1266 955 1343 centuriarum,
971 1285 1057 1350 quas
1072 1266 1163 1332 Pris-

73 1385 131 1432 cus
149 1365 357 1450 Tarquinius
383 1387 441 1432 rex
468 1367 653 1432 constitnit.
697 1367 878 1431 Sestertius
900 1366 1020 1432 dicitnr
1044 1373 1164 1451 quarta

71 1487 148 1552 pars
176 1467 314 1545 denarii,
342 1487 411 1551 quo
431 1476 583 1551 ternpore
606 1468 683 1532 hie⁷
702 1469 855 1534 decussis
876 1468 1017 1545 valebat,
1039 1470 1074 1532 id
1100 1473 1163 1546 est,

71 1569 276 1653 dupundius,
296 1570 332 1634 S.
375 1569 469 1652 [145]
490 1571 663 1636 Sinistreel
693 1587 785 1647 aves,
812 1571 1019 1654 sinistrumq.
1044 1578 1097 1636 est
1118 1565 1163 1636 si·

68 1671 250 1748 nistimnrn,
272 1672 473 1755 auspicium,
488 1672 513 1736 i.
525 1671 617 1755 qnod
631 1673 719 1736 sinat
732 1670 817 1736 fieri.
861 1670 969 1736 Varro
982 1672 1007 1735 l.
1024 1689 1059 1734 ν.
1074 1673 1164 1755 cpis-

69 1773 248 1838 tolicarnrn
263 1773 487 1857 qnaestionnm
509 1774 581 1838 ait:
604 1772 637 1837 A
652 1772 824 1838 Deoruru'
840 1773 920 1838 sede
940 1792 1017 1838 cunr
1036 1774 1072 1837 in
1095 1793 1165 1837 me-

67 1873 188 1939 ridiem
212 1882 357 1956 spectes,
379 1873 422 1938 ad
445 1875 582 1938 sinistra
604 1881 680 1940 sunt
700 1879 815 1958 partes
834 1873 949 1938 mundi
963 1875 1164 1952 exorientes,
1219 1869 1223 1877 ’

68 1976 111 2040 ad
135 1975 313 2040 dexteram
335 1975 544 2056 occidentes3
567 1975 694 2040 sactum
718 1976 869 2052 arbitror,
888 1980 926 2039 nt
943 1975 1076 2040 sinistra
1097 1994 1165 2039 me-

63 2075 152 2142 liora
170 2077 338 2159 auspicia,
354 2095 453 2160 quarn
469 2077 605 2141 dextera
630 2095 705 2141 esse
721 2077 972 2140 existimentorr
992 2075 1081 2140 idern
1095 2077 1163 2141 fere

64 2178 222 2242 sentiunt
246 2177 382 2241 Sinnius
406 2174 539 2260 Capito,
554 2183 587 2240 ct
604 2176 756 2242 Cincius.
799 2175 983 2255 Sentinate,
999 2182 1164 2259 satagere,

62 2277 196 2342 dictum
222 2297 242 2341 a
266 2277 406 2352 senuna,
430 2296 530 2360 quam
551 2279 664 2343 multae
683 2286 804 2361 aqnae⁹
826 2280 923 2342 navis
942 2297 1019 2342 curn
1033 2279 1163 2361 recipit,

60 2379 288 2462 periclitatur.
331 2377 494 2443 Gaecilins
516 2379 550 2444 in
566 2380 765 2444 AEtbrione:
789 2379 874 2445 Cum
891 2377 1059 2443 Mercurio
1073 2381 1166 2463 capit
1231 2393 1234 2398 ’

60 2479 261 2556 consilium,
277 2485 355 2562 post
374 2498 475 2564 qnam
497 2481 643 2544 sentinat
667 2480 762 2544 satis.
805 2480 1003 2544 Senatorcs¹
1017 2498 1039 2543 a
1052 2499 1165 2545 senec·

59 2586 138 2645 tute
155 2580 230 2645 dici
245 2582 328 2645 satis
343 2586 488 2659 constet,
503 2600 588 2665 quos
603 2582 700 2647 initio
720 2579 889 2646 Romulus
908 2580 1010 2662 clegit
1025 2587 1164 2659 centnm,

58 2701 215 2767 quornm
237 2681 378 2746 oonsilio
393 2699 498 2764 remp.
523 2681 788 2748 administraret:
810 2681 892 2764 itaq.
917 2682 1018 2746 etiam
1044 2682 1166 2747 Patres

55 2781 235 2867 appellati
249 2787 327 2846 sunt
340 2785 373 2844 et
388 2799 473 2845 nunc
489 2800 564 2846 cunr
584 2791 752 2848 senatores
776 2782 898 2847 adesse
909 2782 1076 2866 jubentur,
1092 2785 1166 2866 qui·

54 2885 164 2967 busq.
182 2884 222 2946 in
237 2886 356 2946 senatu
368 2882 563 2948 sententiam
587 2883 698 2948 dicere
713 2884 810 2948 licetr
833 2882 914 2966 quia
924 2881 1000 2960 hi,¹⁰
1015 2885 1072 2966 qui
1087 2893 1166 2966 post

51 2985 213 3050 lustrum
234 2982 406 3046 conditum
430 3001 475 3046 cx
491 2983 681 3066 junioribus
695 2985 929 3065 magistratum
946 2990 1117 3065 ceperunt,
1132 2989 1167 3048 et

40 3081 91 3149 'in
116 3088 251 3150 senatu
276 3083 469 3149 sententiam
493 3082 617 3163 dicunt,
644 3091 678 3151 et
707 3103 774 3150 non
802 3090 965 3149 vocentur
987 3083 1166 3150 Senatores

81 3387 101 3434 4
121 3380 144 3432 r.
165 3379 271 3431 «te.-r
288 3376 307 3429 r.
324 3378 500 3428 cmm-e
524 3375 544 3426 r.
559 3373 716 3437 sulm-r
739 3375 760 3426 f.
776 3376 857 3428 o.-a
878 3375 900 3428 s.
919 3375 1167 3440 amma-ar.

48 3450 113 3514 qaia
125 3446 243 3496 mum
254 3446 395 3506 murelo
411 3440 430 3494 f.
441 3440 469 3490 r‘a'.

81 3714 96 3749 c
109 3699 318 3768 simpludiarea]
330 3699 397 3749 Vide
408 3712 486 3762 supra
497 3699 523 3748 ln
540 3696 603 3747 ‘lu·
643 3698 807 3764 Auspicium
818 3700 876 3748 ende
885 3701 953 3748 aeds:
964 3699 1000 3748 alc
1011 3698 1129 3748 animent
1141 3697 1167 3744 ln

39 3784 195 3833 dictinum
222 3773 324 3825 innusr'
341 3780 416 3824 notas
437 3773 517 3825 1).'1'.
536 3773 603 3822 durr-
642 3775 818 3838 manuscripto
828 3774 903 3835 libro,
912 3773 1071 3837 procaspicie
1080 3772 1169 3820 mendo

37 3864 122 3910 amr
136 3849 302 3917 significare
309 3847 409 3911 opinor.
641 3849 709 3897 cede:
727 3861 785 3897 nuru
803 3860 862 3912 que
877 3851 1025 3912 sequuntur,
1039 3846 1066 3895 ln
1081 3846 1169 3908 templo

74 3945 89 3981 e
111 3927 263 3990 Sinistra]
288 3924 423 3975 videndus
444 3925 602 3975 Plutarchus
643 3921 1006 3986 opiduffilcnematunnt.
1033 3918 1167 3969 videndus

36 4016 66 4063 irr
81 4007 248 4062 Problem.
281 4001 334 4050 Pro
350 4017 366 4049 c
381 3999 485 4052 Deorum
498 4001 560 4059 rede,
577 4000 603 4049 in
644 3997 732 4047 Livius
743 3997 787 4047 lib.
798 4009 824 4046 v.
835 4003 863 4046 et
875 3995 1012 4060 Dionysius
1023 3995 1068 4045 llb.
1080 4009 1112 4046 rr.

34 4086 183 4151 margine
219 4074 421 4136 emendarimus,
448 4073 604 4136 mpicbrrrcr
677 4071 840 4134 'Semmd
857 4070 971 4134 Apolline
990 4070 1036 4120 lib.
1048 4084 1092 4122 ιιι.
1109 4083 1169 4134 cop.

30 4168 108 4219 ude,
120 4174 163 4211 ex
178 4157 251 4206 loco
261 4149 337 4200 sirnili
347 4150 416 4214 opud
424 4150 565 4198 Varronem
577 4149 604 4199 ln
643 4151 668 4200 8.
689 4147 777 4198 Ιιίνῑιιι
789 4147 833 4197 llh.
845 4157 930 4196 xxrrr·
939 4153 967 4198 et
978 4159 1056 4198 xxvr.

31 4242 89 4294 lib.
104 4251 138 4289 rr.
154 4233 199 4284 de
224 4227 300 4292 ling.
312 4227 370 4276 het.
388 4226 415 4276 ln
433 4237 484 4290 qno
499 4224 536 4274 ric
552 4230 605 4290 ert,
