2934 4864
178 367 182 375 ·
254 333 349 408 ‚1104
606 349 719 398 suxru
746 347 898 398 ιοιιιιιιι
923 347 1025 400 susus

557 493 855 558 .solitumesl
951 540 960 557 .
1048 533 1058 553 .
1148 537 1156 555 .
1249 537 1346 556 ..

264 613 352 660 remo
455 640 463 659 .
553 639 561 656 .
649 641 657 658 .
744 641 752 658 .
826 591 1008 658 Retractare
1022 603 1066 658 est
1081 613 1192 656 rursus
1208 602 1348 658 emersus.

265 693 410 760 Rubidus
426 717 445 757 u
459 695 547 760 rabie
568 693 677 774 dictus,
699 696 752 780 qui
771 694 891 758 morbus
906 695 1031 758 carcinus
1045 705 1100 758 est.
1147 693 1304 758 Catullus
1317 694 1350 756 dc

265 795 482 882 Berecynthia,
496 807 525 860 et
541 797 622 860 Atti.
668 795 746 859 Alit
761 796 793 858 iu
809 797 908 882 quiete
923 794 1008 859 molli
1024 792 1272 878 rabidussurar
1285 793 1350 858 arei·

263 899 317 960 mi.
362 895 448 961 Ruui
468 897 587 976 coloris,
612 896 762 962 ravistelli
789 898 995 981 appellantur
1016 919 1036 960 a
1060 894 1195 973 Plauto,
1218 898 1273 982 qu·
1285 906 1349 958 sunt

263 997 453 1081 iulerflauos
468 999 625 1063 etcasias:
640 1019 719 1065 ruvo
735 1001 799 1064 sub
813 998 899 1063 ιοιι6
953 1046 962 1061 .
1049 1045 1058 1061 .

264 1103 351 1184 quod
372 1123 473 1184 genus
493 1102 659 1166 homiuum
675 1101 837 1184 pessimum
858 1111 911 1163 est.
957 1097 1072 1171 Idem
1060 1121 1093 1162 cn
1106 1097 1265 1184 Epidico:
1287 1047 1349 1164 Sed

263 1204 339 1287 quis
352 1204 423 1268 haec
438 1210 489 1267 est
503 1201 692 1279 muliercula,
708 1212 736 1265 et
752 1199 806 1266 ille
820 1201 1002 1273 ravistellus,
1017 1203 1072 1286 qui
1085 1203 1192 1266 veuit.
1246 1199 1349 1264 usus
1466 1210 1467 1217 ’

262 1313 413 1367 uacautur
424 1303 511 1388 tigna
527 1303 606 1366 inter
619 1322 648 1366 se
662 1302 819 1388 colligata,
832 1323 908 1386 quae
917 1323 974 1385 per
983 1323 1103 1384 uquam
1117 1311 1348 1386 aguntunam»

261 1404 381 1490 quidem
409 1401 557 1466 vocabula
588 1403 752 1468 interdum
780 1404 880 1476 elium
904 1421 997 1466 naues
1024 1403 1096 1485 ipsa
1124 1401 1351 1488 significantur.

261 1506 419 1570 Afranius
433 1506 466 1568 iu
481 1505 626 1588 epistula
714 1549 722 1566 .
810 1549 819 1567 .
917 1497 1212 1585 Ventapcrculsum
1228 1509 1350 1566 ratum

260 1608 334 1670 item
345 1604 447 1668 ecdem
458 1605 576 1668 riunire
590 1603 822 1690 significariut⁷
840 1604 941 1668 uliam
956 1623 1067 1668 renas.
1113 1603 1226 1668 Διιιιιε
1237 1603 1271 1665 is
1288 1601 1352 1666 Ne-

260 1707 435 1789 optolemo:
479 1705 559 1789 Atq.
574 1725 637 1787 ego
651 1705 826 1789 repercutis
847 1704 968 1768 ratibus
984 1727 1092 1770 mare:
1118 1711 1152 1770 el
1167 1706 1237 1770 ulio
1251 1706 1349 1770 loco:

260 1808 326 1872 Sed
338 1808 410 1891 jam
423 1805 602 1892 propellunt
617 1807 778 1871 ceruleum
800 1815 886 1871 rates
908 1807 1026 1872 salum.
1071 1805 1228 1873 Radere*
1253 1828 1349 1888 genas

259 1907 388 1972 uetitum
409 1917 452 1970 est
475 1907 508 1970 iu
531 1908 603 1991 legs
629 1924 701 1971 xn.
727 1908 761 1971 iu
784 1913 847 1984 est,
874 1908 1007 1990 unguib.
1030 1909 1177 1973 scindere.
1220 1906 1348 1972 Rullula

259 2011 378 2074 dicitur
406 2011 439 2074 iu
462 2011 571 2074 multis
601 2009 714 2073 iutus⁸
742 2008 886 2091 negotiis,
910 2020 1076 2095 paratusq.
1100 2009 1146 2074 ad
1168 2009 1348 2074 rudendum

260 2111 354 2193 quid,
369 2111 613 2192 auferendumq.
626 2109 676 2172 uel
689 2120 731 2173 est
744 2109 790 2172 ita
805 2107 916 2189 dictus,
930 2112 1010 2194 quia
1024 2113 1134 2176 acrior
1147 2113 1194 2176 sit
1207 2113 1244 2176 in
1257 2131 1347 2194 negu-

260 2210 311 2274 liis
325 2209 462 2296 agendis,
474 2221 503 2274 et
514 2210 602 2295 quasi
613 2211 770 2286 rabiosus

258 2310 326 2394 [83]
343 2309 562 2376 Rodusculanu
577 2323 668 2395 partu
681 2309 804 2374 uidetur
817 2309 986 2394 appellata,
1000 2312 1087 2397 quod
1100 2310 1192 2375 rudis
1210 2323 1240 2376 ct
1253 2313 1347 2396 inpa-

259 2409 316 2472 lita
330 2411 371 2474 sit
387 2411 512 2481 relicta:
527 2412 576 2476 vel
589 2413 664 2498 quia
680 2433 739 2478 cre
753 2411 953 2500 uinclnfuit:
979 2435 1049 2476 ιιιιιιι
1065 2435 1116 2492 as,
1132 2424 1169 2478 ut
1189 2410 1288 2478 Varro
1299 2414 1346 2476 cit

257 2510 289 2572 iu
304 2508 358 2572 lib.
375 2511 613 2595 antiquitatum,
628 2511 744 2577 raudus
759 2512 917 2577 dicebatur
928 2536 938 2577 .·
949 2523 1040 2598 atque
1052 2535 1088 2576 er
1100 2536 1137 2578 ea
1147 2514 1215 2578 dici
1224 2515 1348 2578 inruun-

257 2609 404 2693 cipando,
418 2608 618 2676 Rauduscula
633 2613 862 2701 libramferitu.
896 2611 994 2678 Runa
1001 2637 1097 2700 genus
1113 2617 1185 2680 teli.
1209 2615 1349 2680 Ennius:
1465 2669 1466 2698 ¹

256 2723 371 2776 runata
387 2710 510 2789 recedit,
525 2713 625 2792 idest,
636 2715 759 2798 pilata:
774 2726 818 2778 est
832 2735 934 2798 genus
946 2716 1039 2780 etiarn
1142 2762 1153 2783 .
1246 2764 1254 2779 .
1342 2760 1350 2776 ·

354 2861 362 2876 .
449 2815 537 2880 euim
624 2856 1019 2882 .....
1073 2838 1119 2887 ιιι,
1136 2825 1253 2900 atquc.
1342 2863 1353 2878 .

257 2961 266 2978 .
329 2961 361 2978 ..
449 2964 458 2981 .
544 2915 627 3001 quud
641 2936 762 2982 veneno
777 2916 936 3003 tingelunt
1009 2961 1017 2980 .
1143 2963 1152 2980 .
1245 2965 1254 2981 .
1344 2963 1357 2981 .

255 3017 454 3083 null..
543 3065 551 3080 .
639 3062 647 3080 .
734 3063 743 3082 .
836 3016 1015 3084 Valerio.
1136 3065 1144 3081 .
1239 3064 1247 3078 .
1345 3063 1356 3078 ·
1464 3057 1465 3066 κ

255 3113 388 3181 Rasures
402 3119 524 3203 autulii
531 3119 676 3202 fidicines
688 3117 904 3203 appellabunt,
927 3119 993 3204 qni,
1015 3129 1051 3182 ut
1071 3119 1119 3182 uit
1140 3116 1283 3196 Verrius,
1308 3121 1360 3183 ιἰιι

254 3217 404 3301 appellati
418 3219 580 3299 videntur,
595 3219 796 3304 quiuradcre
820 3221 882 3284 ictu
904 3217 1033 3284 clrardas
1055 3220 1228 3285 videantur
1246 3223 1362 3288 artifi-

254 3318 299 3380 cia
313 3319 458 3404 quodum.
502 3319 648 3386 Rutilum
669 3319 871 3404 quadrantem
894 3319 1082 3404 Tarquitius
1105 3323 1140 3386 in
1163 3323 1245 3387 libra
1259 3345 1361 3408 quen
1463 3331 1464 3413 l

253 3416 404 3484 inscribsit
420 3423 456 3486 de
519 3468 528 3487 .
618 3469 625 3485 .
691 3430 725 3486 ut
742 3420 899 3505 Oppius⁹
914 3419 1076 3498 Aurelius,
1089 3421 1363 3506 dictumprrtnt,

706 3608 884 3630 ”mm

284 3739 301 3784 u
317 3733 337 3785 l.
349 3737 480 3786 wluin-l
498 3738 518 3788 f.
529 3739 753 3802 significarunt-8
773 3739 791 3790 i.
801 3741 964 3791 interitu-ll
981 3739 1000 3789 l.
1013 3739 1115 3802 Opilius.

744 3897 849 3949 uoruc

284 4005 412 4070 tundere]
422 4008 527 4058 Servius
538 4009 563 4058 iu
576 4023 625 4060 xu.
639 4009 695 4060 AEu.
710 4011 774 4059 ‘'I'u·
816 4018 873 4061 seut
892 4010 994 4074 lucium,
1015 4009 1053 4060 luis
1071 4008 1170 4061 verbis:
1189 4011 1309 4068 Mulier
1330 4022 1374 4072 ιἰ-

252 4080 774 4150 men‚‘iuquit,‘scieauam,cautumtege
815 4088 880 4138 ciem
903 4101 935 4136 us
955 4085 1073 4150 enuptio:
1106 4085 1158 4136 Sed
1179 4096 1259 4152 puto
1282 4095 1377 4150 Smu

254 4155 292 4200 ιι.
312 4153 463 4220 tubulurum,
484 4173 517 4208 us
543 4160 663 4212 mulieres
684 4174 773 4225 curpe-
814 4160 1170 4214 rerbuuuucsreremeudu.
