2934 4864
283 349 368 416 noc
613 351 728 412 saror
754 361 904 412 rourum
930 360 1035 412 rosor

234 487 238 496 ¹
282 503 479 592 cyr-arumL
567 548 575 565 .
664 550 673 566 .
759 551 769 570 .
853 503 1087 590 usurpare,
1113 509 1187 570 turn
1211 505 1373 582 maritae*

275 617 447 694 portantur
462 605 590 692 trogulo
608 625 717 690 porro.
760 607 887 672 Scitam
899 607 1020 690 populi
1031 605 1209 680 dicebatur,
1223 605 1306 691 quod
1317 605 1374 670 rior

278 709 366 794 plebe
379 717 508 773 cunctus
532 709 692 792 patricius
716 706 801 786 ordo,
820 717 948 792 rogante
967 709 1119 792 patricio,
1134 707 1201 771 suis
1215 706 1375 797 orthagiis

276 811 400 895 jussit:
423 807 505 895 quod
533 819 635 873 autem
657 808 762 896 aliquo
785 809 994 894 interrogante
1014 827 1060 873 ex
1083 811 1215 894 patrib·
1237 817 1270 874 et
1290 809 1375 894 pleae

280 911 473 999 suffragante
486 913 593 975 scitam
606 920 692 989 emet,
705 911 740 977 id
747 913 818 996 Jaru
835 912 926 994 leges
940 911 1070 975 scribto
1084 903 1286 974 dicabantur.
1319 909 1377 975 Sed

280 1013 363 1078 illud
378 1013 481 1098 plebei
497 1013 608 1076 scitum
630 1013 789 1096 estquod
810 1012 887 1077 ΤΒ.
913 1007 990 1076 PL.
1006 1013 1077 1075 siae
1089 1011 1245 1096 patriciis
1262 1009 1375 1096 pirum

281 1120 418 1199 rogavit,
433 1115 468 1180 id
484 1121 548 1191 est,
574 1112 742 1178 consuluit
757 1111 893 1197 plebesq.
908 1110 1006 1176 sciuit.
1051 1113 1183 1178 Plebes
1200 1123 1314 1179 aum
1329 1125 1376 1178 est

280 1217 375 1282 orariis
392 1216 527 1302 populus
543 1225 657 1299 prater
684 1223 850 1292 senatores,
876 1225 906 1278 et
929 1221 1048 1296 practer
1072 1217 1248 1298 patricios.
1294 1213 1374 1279 Scito

269 1319 369 1407 ,sarie
386 1339 447 1404 pro
463 1321 549 1383 boae
563 1317 660 1394 facie,
676 1318 773 1393 alias,
803 1317 900 1380 bouis
918 1335 979 1398 pro
998 1315 1092 1393 scitis,
1112 1337 1134 1378 o
1156 1317 1270 1400 poitis
1283 1337 1373 1382 osor·

281 1433 408 1504 puniar.
452 1419 619 1484 'lanatico
636 1417 670 1480 ia
686 1414 883 1492 Phormione,
907 1419 1003 1494 satis,
1017 1417 1136 1499 iuquit,
1152 1419 1265 1482 scita:
1288 1427 1322 1484 et
1342 1420 1372 1481 ia

281 1519 651 1596 Heautontimorumeno,
667 1525 703 1582 ut
716 1519 745 1581 si
760 1519 862 1594 scias,
877 1533 980 1600 quom
994 1521 1080 1584 scite
1094 1520 1129 1582 ia
1142 1532 1278 1585 mouera
1291 1541 1373 1586 orae·

279 1623 332 1686 rit.
377 1623 417 1686 L.
433 1619 562 1686 Ennius
578 1617 611 1684 io
627 1621 713 1686 libro
731 1607 782 1684 vi.
798 1619 907 1684 lumen
971 1667 978 1684 .
1070 1666 1078 1682 .
1172 1669 1180 1686 .
1272 1669 1281 1688 .
1364 1673 1371 1688 .

277 1725 382 1790 scitus
395 1743 510 1804 agaso.
555 1723 696 1788 Sceoam
718 1739 823 1805 genus
834 1720 939 1808 fuisse
960 1719 1057 1786 cultri
1079 1725 1293 1791 manifestam
1314 1731 1371 1800 est,

279 1827 337 1892 scd
352 1825 534 1890 iuturum¹⁵
556 1824 646 1908 [140]
679 1826 817 1901 securis,
847 1843 888 1888 ao
919 1825 1060 1890 dolabra
1090 1827 1150 1900 sit,
1179 1829 1370 1910 ambigitur:

278 1947 377 2014 quum
390 1926 530 1992 Cincius
544 1928 579 1991 in
592 1927 690 2005 libro,
705 1928 764 2012 qui
779 1931 832 1990 ost
850 1929 881 1990 ei
894 1925 920 1966 ¹⁶
946 1925 988 1990 de
1004 1927 1117 1991 verbis
1135 1929 1268 2011 priscis,
1284 1928 1374 1992 dola·

278 2033 369 2095 brom
386 2032 433 2094 ait
446 2049 519 2093 esse
536 2029 756 2112 pontificiam.
794 2029 911 2094 Livius
927 2029 958 2092 io
975 2027 1106 2112 Lydio:
1126 2029 1269 2094 Corruit
1282 2029 1371 2114 quasi

278 2133 366 2196 ictus
389 2149 500 2208 scena,
523 2130 609 2194 haud
632 2130 736 2194 multo
759 2146 870 2194 secus.
915 2143 1001 2193 sex.
1027 2144 1169 2193 romeus
1198 2143 1303 2196 rosor
1328 2145 1371 2194 or

279 2247 485 2297 vassorum
535 2245 765 2296 srcrtrrrcur.
812 2245 885 2294 urs.
930 2243 1042 2293 xvrrr.
1091 2245 1255 2295 rucrrrr.
1303 2249 1372 2298 urs.

280 2349 413 2398 xvrrrr.
1098 2386 1107 2402 .

276 2435 446 2518 Scriptum
464 2443 488 2482 ¹⁷
517 2439 567 2498 est
596 2435 643 2512 id,
674 2434 766 2517 quod
795 2433 832 2497 in
860 2433 1066 2516 palustribus
1092 2433 1186 2497 locis
1225 2433 1373 2498 nascitur
1462 2447 1463 2458 ¹

274 2537 359 2613 leve,
375 2543 408 2600 et
423 2553 603 2618 procerum,
629 2534 714 2599 unde
735 2541 826 2616 teges
848 2533 942 2599 fiunt.
990 2533 1073 2600 lodo
1087 2538 1307 2618 proverbium
1323 2537 1373 2598 cst

275 2639 308 2700 in
323 2651 381 2700 cas
398 2643 512 2700 uatum
528 2653 592 2712 res,
608 2655 685 2719 quar
707 2637 831 2702 nullius
854 2635 1080 2718 impedimenti
1100 2645 1195 2716 simi,
1210 2642 1246 2703 io
1263 2637 1373 2720 scirpo
1462 2623 1463 2668 4

273 2735 396 2800 nodum
411 2755 571 2820 quaerere.
617 2735 762 2801 Ennius:
786 2736 950 2814 Quaerunt
972 2737 1007 2800 ia
1028 2738 1154 2820 scirpo,
1175 2739 1272 2802 soliti
1286 2739 1371 2821 quod
1462 2735 1463 2744 ’

275 2837 395 2913 dicero,
412 2839 551 2902 uadum:
574 2841 609 2900 et
623 2836 767 2901 Plautus
790 2838 824 2900 in
840 2836 1031 2900 Aulularia:
1056 2836 1168 2914 Quasi
1190 2841 1302 2920 pueri,
1317 2841 1377 2921 qui

274 2957 352 3004 aare
367 2941 507 3014 discunt,
524 2941 636 3021 scirpo
652 2937 808 3002 inductur
822 2938 913 3004 ratis.
958 2936 1091 3001 Novius
1108 2937 1141 3000 iu
1157 2936 1375 3002 Plroeoissis:

275 3040 376 3104 Sume
392 3061 494 3104 arma.
510 3041 532 3104 i.
549 3049 626 3104 ante
637 3041 661 3078 ¹⁸
686 3039 840 3104 occidam
855 3037 952 3102 clava
967 3037 1102 3120 scirpia.
1133 3037 1242 3120 Spira
1255 3040 1376 3105 dicitur

275 3145 308 3202 et
323 3141 416 3204 basis
439 3141 603 3205 columnae
620 3141 716 3204 unius
737 3139 810 3216 tori,
830 3148 889 3202 aut
914 3138 1243 3220 mosomagensis
1260 3147 1378 3224 operis

275 3239 426 3320 pistorii:
448 3246 481 3305 ct
500 3241 590 3304 lunis
613 3242 766 3304 nauticus
781 3241 815 3302 iu
831 3240 946 3304 orbem
962 3241 1179 3316 convolutus,
1195 3243 1242 3302 ab
1258 3243 1379 3306 eudem

274 3356 390 3404 omnes
404 3341 632 3405 similitudine.
676 3342 867 3418 Pacuvium
891 3339 985 3419 Quid
997 3341 1143 3404 cessatis
1158 3341 1248 3407 socii
1265 3345 1381 3408 cicero

274 3441 384 3520 spiras
399 3445 575 3525 sparteasl
619 3438 746 3507 Ennius
766 3443 902 3527 quidem
929 3443 1099 3506 homiuum
1118 3443 1383 3510 multitudinem

274 3541 323 3604 ita
344 3544 507 3624 appellat,
529 3563 607 3608 cum
621 3543 690 3608 aits
714 3544 831 3628 Spirus
852 3543 1041 3634 legionibus
1061 3552 1201 3610 nexunt.
1249 3547 1384 3629 Specto

274 3641 347 3706 siae
370 3644 609 3727 praepositioua
635 3645 807 3709 Pacuvius
833 3646 868 3709 in
888 3645 1070 3710 Duloreste
1097 3665 1185 3708 usus
1207 3655 1277 3725 est,
1300 3665 1385 3713 curn

273 3743 338 3807 ait:
363 3742 518 3826 Ampius,
533 3745 721 3808 rubicundo
743 3743 870 3823 coloro,
890 3751 924 3809 et
944 3754 1065 3829 spectu
1089 3755 1322 3831 proptervo'⁹
1338 3749 1387 3814 se-

273 3866 348 3911 rox.
392 3847 521 3928 spetile
532 3854 579 3884 ‘⁰‘
596 3856 736 3913 vocator
761 3849 848 3913 inira
872 3849 1064 3914 umbilicum
1091 3852 1181 3929 suis,
1208 3855 1308 3936 quod
1331 3867 1388 3920 est

273 4214 279 4226 Ι
306 4159 334 4202 ll
361 4157 565 4206 firmare-io
583 4156 601 4207 t'.
619 4164 774 4208 ulnae-ld
790 4158 809 4208 i.
822 4159 859 4212 11.
876 4161 893 4209 i.
904 4159 1111 4212 secuudum—ll
1131 4161 1152 4212 i.
1163 4165 1346 4230 uirum-18
1370 4171 1388 4220 t'.

265 4229 318 4270 Jom
330 4222 425 4267 tc—lo
441 4217 653 4279 flnctuum-20
669 4221 689 4271 f.
706 4223 816 4285 sparus.
