2934 4864
287 396 373 465 1154
622 411 735 463 saxrr
759 411 913 464 rouran
938 411 1044 462 rrsrr

288 556 460 622 schedium
474 554 553 621 iacit
568 553 767 633 inconditum,
784 567 813 620 et
834 553 1069 620 inelaboratum.
1114 549 1380 634 sexagenario&

286 655 324 720 de
334 666 431 740 ponte
444 655 517 719 olim
530 655 723 740 dp'iciebnnt,
737 658 836 740 cajus
850 675 986 721 oaumm
1004 654 1163 719 Manilius
1180 652 1263 717 ianr
1275 650 1383 738 refert:

285 756 370 844 quod
398 753 531 820 Romam
559 759 615 841 qni
641 756 837 822 incoluerint
856 755 955 839 primi
984 753 1186 842 Aborigines,
1216 754 1383 820 bominem

287 859 460 941 uraginta
481 879 633 922 annorum
651 857 795 942 quiesset
818 855 975 922 immolare
998 859 1073 924 Diti
1094 857 1195 922 Patri
1214 855 1383 940 quotannis

286 959 370 1024 soliti
386 958 534 1046 fiterirt:
556 960 648 1046 quod
669 960 778 1024 iacere
800 977 859 1022 nos
882 957 1036 1024 destitisse
1049 958 1186 1022 moeurs
1204 956 1382 1022 Herculisr

287 1063 349 1127 sed
371 1063 529 1144 reiigione
548 1071 654 1146 postea
677 1061 788 1126 veteris
809 1059 902 1123 moris
921 1059 1253 1144 scirpeashomionm
1266 1057 1383 1142 attigisse

287 1161 325 1226 de
342 1173 437 1246 ponte
453 1162 487 1225 in
505 1160 638 1226 Tiberim
651 1172 751 1226 uetera
765 1161 866 1226 modo
881 1161 1012 1225 mittere
1028 1157 1209 1222 instituisse.
1256 1157 1382 1222 ,411141-

286 1273 370 1342 nent,
386 1269 534 1330 morante
549 1266 585 1328 in
600 1263 700 1328 Italia
717 1259 866 1339 Hercule,
887 1259 968 1347 quod
985 1259 1113 1346 quidun
1132 1261 1206 1345 pus
1220 1262 1381 1326 oomitum

285 1363 507 1430 habitaverint
527 1363 689 1428 erundum
709 1363 814 1447 ripam
836 1361 992 1440 haberi‚¹⁸
1016 1369 1085 1444 atq.
1130 1361 1275 1444 &garos
1295 1381 1326 1424 re
1341 1359 1381 1424 ab

288 1463 416 1552 Argivis
430 1467 615 1531 roraverint
629 1467 740 1543 arvi,¹⁹
754 1484 891 1548 quorum
904 1463 1066 1548 proditum
1076 1463 1264 1526 numeriam
1277 1462 1381 1528 radin·

285 1567 404 1649 tegrari
429 1587 472 1632 eo
497 1577 590 1650 gente
611 1567 734 1630 missum
761 1565 801 1629 ab
829 1563 942 1630 Graca
964 1566 1108 1647 legatum
1133 1563 1307 1648 quendam
1321 1563 1378 1628 Ar-

284 1685 408 1748 gaeum,
423 1665 478 1730 diu
491 1688 559 1730 cum
574 1668 618 1732 iis
629 1667 753 1732 Romae
766 1675 930 1731 moratum
943 1685 1038 1730 asse:
1060 1667 1091 1729 ia
1106 1675 1146 1729 ut
1157 1665 1274 1729 odient
1287 1667 1378 1730 insti·

285 1774 395 1834 tutum
410 1789 488 1834 esse
502 1789 522 1834 a
539 1769 772 1836 sacerdotibus
787 1767 897 1854 effigies
911 1769 1038 1853 scirpea
1057 1788 1102 1834 ax
1123 1770 1290 1846 omnibus,
1305 1789 1376 1834 oon

285 1889 363 1954 quaa
388 1871 534 1954 publicas
560 1879 648 1934 erant
672 1869 719 1934 rei
741 1869 968 1948 nuntiavisset,
991 1887 1052 1952 per
1073 1868 1210 1950 flumen,
1230 1890 1272 1935 ae
1285 1891 1376 1936 mare

284 1970 380 2056 [144]
398 1974 430 2036 in
445 1973 584 2056 patriam
601 1971 840 2035 remitteretur:
856 1976 944 2046 sunt,
955 1971 1014 2053 qui
1026 1969 1155 2048 disant,
1172 1979 1250 2056 post
1262 1973 1377 2038 urbem

286 2071 433 2137 aGatlis
449 2073 632 2150 liberatam,
648 2074 692 2138 ob
707 2073 854 2156 inopiam
870 2071 1016 2148 cibatus,
1041 2080 1182 2155 ooeptos
1205 2074 1378 2157 sexaginta

286 2191 447 2239 annorum
472 2175 621 2240 homines
637 2174 708 2258 jaci
731 2175 766 2238 in
787 2173 945 2246 Tiberim,
968 2193 1011 2237 ex
1035 2193 1104 2256 qno
1123 2193 1266 2240 numero
1286 2195 1377 2252 nnus,

286 2272 349 2338 tilii
363 2277 487 2359 pietate
501 2275 697 2354 occultatus,
713 2293 804 2358 sape
826 2273 985 2358 profuerit
1006 2277 1129 2358 patriae
1144 2277 1377 2353 consiliante

285 2393 430 2457 persona
443 2375 521 2441 filii:
544 2377 589 2452 id,
603 2382 640 2441 ut
654 2377 697 2442 sit
710 2377 889 2460 cognitum,
906 2377 937 2440 ei
953 2377 1070 2461 juveni
1084 2397 1162 2441 esse
1173 2378 1333 2460 ignotam,
1345 2383 1377 2441 et
1458 2401 1459 2427 1

286 2475 517 2556 sexagenariis
540 2477 608 2540 rita
633 2495 814 2541 concessas
835 2475 980 2540 latebras
996 2485 1107 2540 autem
1123 2476 1242 2559 ejus²⁰
1255 2479 1375 2560 quibas

286 2577 448 2657 arguerit¹
466 2593 588 2651 senam,
605 2575 639 2639 id
659 2583 723 2653 est,
739 2575 937 2653 cohibuerit,
952 2582 986 2639 at
1005 2576 1182 2654 celaverit,
1197 2579 1377 2642 sanctitate

285 2673 403 2757 dignas
417 2693 491 2738 esse
505 2675 613 2753 visas,
637 2676 750 2759 ideoq.
773 2684 905 2742 aroma·
919 2677 1113 2759 appellata:
1138 2677 1201 2742 aed
1222 2679 1380 2762 explora-
1455 2725 1456 2742 ,

285 2775 451 2840 tissimum
466 2772 547 2840 illud
561 2783 614 2841 est
629 2795 756 2856 causae,
768 2797 834 2860 quo
849 2783 997 2860 tempore
1011 2779 1154 2860 primum
1169 2797 1232 2862 per
1247 2789 1379 2863 pontem
1454 2807 1455 2845 t

286 2883 459 2960 caeperunt
477 2877 621 2942 comitiis
647 2877 839 2962 suffragium
861 2878 954 2952 serre,
972 2879 1125 2962 juniores
1144 2881 1381 2946 conclamare·
1453 2903 1454 2951 t

284 2983 371 3046 runt,
393 2983 431 3040 ut
446 2976 489 3040 de
514 2977 846 3060 pouta'deioerentur
873 2980 1094 3060 sexagenarii,
1116 2981 1177 3063 qui
1196 2981 1274 3064 jam
1288 2983 1381 3046 nullo
1452 2983 1453 3055 1

283 3076 420 3159 publico
435 3096 570 3142 manare
584 3078 805 3160 iungerentur,
820 3085 858 3143 ut
880 3079 948 3162 ipsi
971 3080 1083 3161 potius
1107 3081 1189 3159 sibi,
1203 3101 1310 3165 quam
1333 3083 1384 3148 illi
1451 3081 1452 3159 1

286 3175 465 3258 deligerent
479 3179 730 3262 imperatorem:
752 3179 848 3262 eujus
862 3181 1034 3245 sententiaa
1050 3188 1106 3244 est
1124 3183 1230 3246 etiam
1246 3183 1385 3248 Sinnius
1449 3167 1451 3265 Ι

285 3275 425 3362 Capito:
449 3297 569 3342 ranam
592 3288 702 3344 autem
722 3279 918 3361 opinionem
933 3280 974 3344 da
990 3289 1095 3364 ponte
1110 3281 1280 3347 'liberino
1304 3305 1388 3351 oon·

285 3373 430 3442 firmavit
450 3377 608 3443 Afranius
634 3381 669 3443 in
691 3377 899 3462 Repudiato.
942 3379 1070 3444 Saons³
1097 3381 1197 3447 aliter
1215 3385 1391 3467 signifieat

287 3495 384 3551 sexu,
404 3487 533 3557 natura,
554 3481 703 3566 habitoq.
733 3499 776 3545 ex
799 3480 935 3558 Graeeo,
964 3499 1068 3566 quam
1088 3481 1142 3546 ilii
1166 3493 1298 3576 sonant
1321 3485 1390 3563 ἔω.

736 3660 915 3686 “mmm

283 3794 360 3906 ὦ
367 3788 387 3841 r.
406 3789 571 3841 nrm-ro
586 3790 606 3841 r.
623 3791 760 3842 esar-ro
776 3789 795 3843 t
814 3795 908 3843 m.-1
932 3790 952 3841 t.
970 3793 1134 3844 aecer-r
1152 3792 1175 3844 r.
1194 3795 1359 3860 nrm-s
1375 3798 1395 3848 r.

283 4085 449 4242 Airtptrom
451 4079 805 4218 Min-uiburihifflt‘
843 4155 975 4220 tepere*
962 4089 1399 4224 Montanorum-ai.-

281 4224 436 4276 menam
385 4227 634 4292 wrotham
649 4229 805 4294 τδνωμδι
842 4232 949 4282 aava
