2934 4864
466 409 740 508 nuncnuurun.
969 489 974 499 ι
1059 399 1144 465 1173

66 555 153 639 priori
167 553 369 636 singularum
381 549 587 617 decuriarum
597 585 600 592 ·
611 554 805 618 decuriones
817 553 909 630 dicti,
923 557 1036 637 quiex
1052 575 1093 621 eo
1108 558 1144 622 in

65 655 333 737 singulis-turmis
356 659 434 718 suut
453 654 550 719 etiem
575 675 661 718 nunc
686 656 782 719 terni.
826 656 959 722 Terreni
979 679 1000 723 a
1021 661 1145 726 torro¹⁶

66 759 235 822 deductum
251 757 399 840 ¹proprie
427 755 590 838 significat
614 757 750 833 siccare,
777 763 844 840 atq.
874 759 1055 826 arefacere:
1087 762 1146 851 sed

64 864 252 942 usurpatum
267 862 320 921 est
336 857 408 940 jem
431 875 490 940 pro
510 877 562 933 eo,
587 858 674 938 quod
690 857 824 938 siligne
840 878 940 925 urere.
978 860 1144 928 Plautus:

64 961 127 1041 (ln)
137 970 161 1010 ¹⁷
176 979 242 1024 unu
255 957 365 1023 odet¹⁸
380 978 483 1040 opere
498 959 530 1023 in
546 959 678 1022 furnum
691 959 836 1022 calidum
849 961 996 1038 condito,
1011 969 1081 1046 otq.
1096 965 1146 1028 ibt

62 1067 187 1126 torreto.
229 1057 464 1135 Turanuos,¹⁹¹
487 1059 646 1125 Etruscos
671 1060 835 1142 appellari
858 1062 985 1126 solitos·
1001 1062 1141 1128 uitVer-

61 1163 135 1239 rins,
150 1183 171 1226 u
184 1161 353 1226 Turrbeno
379 1161 464 1226 duce
488 1162 670 1245 Lydorum,
685 1181 705 1226 u
722 1161 820 1244 cujus
844 1163 951 1240 gentis
973 1165 1146 1249 praecipue

60 1263 254 1328 crudelitate
270 1263 369 1328 etiam
391 1267 548 1345 tyrannos
562 1263 681 1326 dictos.
725 1261 829 1344 Tyria
844 1264 948 1327 marie
964 1265 1001 1330 in
1016 1283 1146 1349 prover·

59 1365 145 1442 biom
163 1363 341 1428 deductum
354 1369 425 1443 cst;
447 1362 535 1446 quod
547 1362 640 1446 Tyro
656 1363 787 1427 oriundi
807 1363 907 1428 Poeni
931 1364 1017 1429 adeo
1032 1371 1147 1448 poteo-

58 1474 108 1528 tes
123 1467 225 1531 uraris
239 1465 381 1541 luerunt,
397 1473 436 1528 ut
451 1465 577 1528 omnib.
594 1465 757 1528 mortalib.
772 1465 942 1547 navigatio
955 1474 1045 1531 esset
1060 1467 1147 1550 peri-

59 1565 185 1630 culosa.
221 1565 427 1632 Afraniusin
444 1565 602 1648 Epistola
617 1587 625 1630 :
650 1565 753 1629 Hunc
768 1566 904 1630 serrium
917 1573 1026 1632 autem
1041 1567 1147 1631 muria

55 1669 141 1750 tyrio
157 1669 297 1732 conciet.
339 1666 497 1732 Territus
513 1685 533 1730 u
547 1664 854 1731 ferociutuurornm
869 1667 960 1732 dicte
974 1677 1037 1732 est.
1081 1667 1149 1733 Pe·

56 1769 233 1833 cuvius··in
256 1768 434 1834 Armorum
452 1767 598 1852 judicio.
643 1767 759 1832 Feroci
784 1769 917 1849 iugenio
934 1773 1045 1833 torvus
1062 1789 1148 1852 proe-

53 1871 174 1952 grendi
195 1871 316 1952 gradu:
339 1878 392 1934 et:
415 1869 500 1934 Cum
519 1870 671 1936 recordor
695 1869 767 1952 ejus
790 1870 936 1934 ferocem
958 1878 992 1933 et
1018 1879 1147 1934 torvam

52 1971 304 2038 confidentium.
360 1971 525 2036 Turbelus
539 1978 566 2008 ²⁰
596 1971 725 2035 dixisse
753 1971 1031 2054 antiquos,·ques
1059 1989 1148 2033 nunc

51 2076 171 2138 turbes
186 2074 406 2157 appellemus,
429 2075 526 2138 testis
550 2079 602 2137 est
624 2073 768 2153 Plautus
790 2074 825 2136 in
842 2071 1023 2136 Pseudolo.
1069 2071 1147 2149 Quo

50 2175 141 2238 ulto¹
166 2181 203 2238 et
225 2182 368 2258 quantus
392 2175 520 2239 solcum
551 2176 695 2239 turbelas
717 2175 807 2238 dare.
850 2173 1013 2238 Tutulum
1033 2175 1148 2239 vocari

48 2277 149 2340 aiunt
171 2276 429 2340 Fluminicerum
454 2277 577 2359 cupitis
600 2285 838 2354 ornamentum,
863 2276 955 2359 quod
980 2275 1040 2340 fiat
1065 2276 1148 2340 vitte

45 2397 224 2461 purpurea
243 2379 364 2442 innexu
382 2379 497 2442 crinib.
512 2382 545 2442 et
559 2383 748 2442 extructum
767 2379 803 2440 in
824 2377 1053 2441 altitudinem:
1075 2377 1148 2458 qui-

46 2479 126 2543 dem
143 2480 271 2563 pileum
280 2478 438 2544 lunutum·
451 2480 557 2544 torma
577 2476 712 2544 metultk
732 2480 918 2561 figuratum,
934 2497 1002 2560 quo
1024 2477 1148 2542 Flumi-

41 2599 119 2659 nes,
139 2600 186 2645 nc
204 2579 387 2646 Pontifices
402 2587 547 2660 utuntur,
561 2582 679 2648 eodem
692 2582 823 2646 nomine
835 2582 961 2645 vocari.
1006 2578 1148 2642 Ennius:

42 2681 143 2763 [16⁰2]
171 2681 296 2764 Libeqa
318 2681 451 2747 lictores
474 2701 615 2766 ergreos,
636 2688 676 2747 etv
690 2681 853 2748 tutulatos.
902 2679 996 2757 Tuer,
1027 2681 1149 2756 video;

40 2783 180 2861 Tueor,
198 2784 340 2848 delendo
354 2785 386 2847 r'n
407 2806 463 2848 usu
478 2783 551 2848 clim
562 2782 656 2870 fnit:
680 2785 738 2848 sed
757 2785 827 2868 juni
844 2784 1035 2866 promiscue
1051 2789 1151 2846 utun-

39 2893 107 2964 tur,
140 2895 176 2948 ct
196 2885 329 2969 ponitur
350 2895 439 2950 tueor
463 2906 522 2971 pro
548 2886 667 2966 video;
688 2893 722 2949 et
744 2891 904 2949 contueor
920 2903 981 2966 pro
1011 2879 1150 2966 defendo.

66 3219 102 3263 to
122 3211 143 3261 t'.
168 3213 274 3262 Terrore
284 3227 299 3260 a
310 3216 459 3263 torreo-tr
475 3211 582 3279 ().-lti
598 3212 616 3263 i.
633 3229 680 3264 unc
698 3215 859 3276 adm-to
875 3209 894 3261 f.
907 3209 1113 3260 Tonberon-2⁰
1130 3207 1150 3261 i.

29 3280 223 3328 turbellae-l
242 3274 261 3324 f.
275 3276 371 3332 Quone
998 3291 1003 3300 ·

548 3441 656 3491 NOTAE

57 3555 66 3588 ¹
86 3549 247 3613 Tarannon]
263 3551 360 3600 Pnnlus
371 3553 397 3600 iu
408 3552 522 3615 epitome
533 3567 585 3602 rnu-
626 3553 669 3620 qni
681 3555 706 3603 iu
718 3553 824 3617 capitib.
841 3551 937 3602 bebere
951 3553 1043 3608 solent.
1052 3549 1089 3600 'ut
1100 3564 1153 3600 mc·

24 3633 209 3694 nnscripta:
230 3627 362 3676 ‘Turanni
377 3629 478 3678 Etrusci
490 3629 553 3679 dicti
572 3647 588 3680 ι
629 3631 698 3681 nm)
728 3632 900 3681 Tertullianus
918 3631 942 3678 in
956 3629 1000 3678 lib.
1012 3629 1045 3678 de
1057 3629 1151 3692 stellio:

24 3709 194 3758 Tburenno
226 3702 292 3752 duce
319 3705 457 3768 Lydorum,
479 3719 494 3754 s
515 3707 588 3770 qu'us
629 3704 1154 3770 ‘Tunccertirrinrerupruomuesexuvies

24 3787 120 3848 gentis
160 3787 302 3845 pernotus
328 3779 484 3830 crudelitate
508 3783 587 3831 etium
625 3793 734 3849 auguste
746 3783 835 3845 vestis,
848 3797 951 3846 strperq.
963 3797 1050 3832 omues
1066 3775 1153 3844 apices

24 3859 141 3923 :yrsnni
157 3865 235 3904 sunt
248 3853 331 3902 dieti!
626 3874 657 3910 uc
677 3861 774 3910 tutulos
796 3873 869 3908 secer
890 3866 1026 3922 suggestus
1048 3857 1154 3907 deducit

50 3934 125 3984 ⁸111
141 3930 306 3992 exemplari
320 3929 357 3980 its
373 3933 448 3995 plone
464 3934 589 3994 ertrsor·
625 3935 731 3986 oculos!
771 3935 803 3984 lu
825 3935 936 3997 volgatis
959 3942 1043 3983 tenreu
1064 3933 1156 3992 titulos,

24 4029 86 4061 nrm
105 4027 122 4060 e
143 4009 222 4059 toli:
242 4005 349 4055 undein
366 4007 589 4074 editionerlugur-
626 4015 816 4075 redcorrnpte,
836 4010 938 4073 tegitur.
971 4010 1055 4058 Vetus
1076 4009 1153 4057 etiarn

24 4091 130 4138 iniens
146 4085 253 4144 sorim
271 4097 285 4130 e
309 4085 352 4131 tuti
371 4083 520 4147 impressum
540 4097 591 4154 ert,
628 4086 696 4152 opud
715 4100 755 4136 me
771 4084 906 4145 inscriptio
928 4084 1024 4134 babet:
1042 4095 1155 4134 Arduus

26 4183 75 4215 nm
88 4165 198 4224 sorum
214 4159 301 4207 metati
311 4160 473 4211 scribendum
489 4163 590 4214 fuisset.
625 4179 651 4216 u.
662 4176 758 4214 rusus.
770 4173 931 4212 onununrcr.

24 4245 110 4292 lauro
139 4239 199 4288 lilr.
235 4247 272 4283 vt·
313 4236 444 4288 ‘Tutuleti
466 4239 530 4292 died
552 4242 587 4306 lri,
