2934 4864
465 359 738 410 rancunnnuu.
1006 375 1014 384 ·
1059 349 1144 416 1169

64 503 259 586 inauguratis
273 501 437 584 infigatur.
481 503 680 568 Sinistrumz
695 505 728 568 in
739 503 944 588 auspicando
957 505 1144 589 siguificare

64 608 107 672 ait
125 605 252 670 Ateius,
267 604 391 688 Capito
415 605 530 669 laetum
557 613 594 668 et
621 624 817 688 prosperum
842 607 1041 690 auspicium,
1065 607 1144 674 aut⁶

63 707 219 773 silentium
238 706 344 774 ¹dulril
366 704 531 770 duntaxat
554 714 657 770 vacat
677 706 780 770 vitio:
803 706 903 788 igitur
924 708 1056 774 silentio
1071 729 1144 775 sur·

60 827 130 892 gere
141 825 215 872 cam
237 806 371 884 dicitur,
387 806 553 889 significat
567 825 630 872 non
644 806 860 889 interpellari,
871 829 938 892 qno
952 811 1061 875 minns
1076 833 1144 876 rem

61 916 162 992 gerat:
186 908 253 974 ad⁸
268 909 437 973 sinistrum
465 909 585 974 hortari
598 928 708 993 quoq.
733 911 886 992 auspicia
908 912 949 976 ad
970 913 1143 994 agendum,

60 1011 142 1094 quod
156 1012 266 1077 animo
280 1005 356 1091 quis
370 1011 585 1092 proposuerit
629 1009 722 1073 Satis
740 1010 874 1074 verbum
890 1010 1011 1076 Verrio
1026 1014 1145 1078 melius

57 1112 116 1176 luit
138 1111 316 1196 praeterire,
329 1119 367 1176 ut
382 1111 462 1176 mihi
477 1111 621 1188 videtur,
637 1129 738 1193 quam
761 1117 829 1174 tam
846 1112 956 1176 absuri
971 1115 1049 1196 qui⁹
1071 1115 1145 1197 cpi-

56 1214 170 1278 niones
184 1231 266 1278 suas
281 1212 324 1276 de
338 1231 378 1276 eo
392 1217 516 1276 restare
526 1220 568 1290 ;¹‘3
588 1231 674 1296 quas
688 1213 799 1276 sciens
814 1214 972 1294 praeterii,
989 1220 1055 1278 tam
1072 1219 1148 1282 her-.

58 1316 157 1391 cules,
172 1332 273 1398 quam
286 1314 329 1378 de
350 1313 480 1392 scabro,
495 1314 584 1395 quod
610 1314 796 1395 proximum
817 1315 1033 1395 sequebatur.
1077 1318 1145 1382 Sti·

55 1406 188 1500 patcres
203 1417 252 1480 ait
265 1415 378 1480 dictos
394 1415 523 1497 astipc,
535 1433 635 1497 quam
650 1414 812 1479 mercedis
827 1416 960 1480 nomine
976 1418 1146 1502 accipiant

55 1517 211 1584 custodes
233 1515 363 1600 cujusq.
395 1517 564 1599 corporis:
590 1515 730 1579 undeet
755 1517 891 1596 stipam,
912 1527 1054 1600 quamn.
1079 1540 1147 1585 am.

53 1621 169 1705 plrcrae
192 1637 267 1682 cum
289 1623 498 1704 ‚extruuntun
519 1615 640 1680 firmari
662 1615 791 1695 solent;
813 1617 915 1680 etiam
931 1620 1075 1702 stipites,
1088 1622 1145 1705 qui

52 1722 95 1786 cb
110 1717 250 1784 eandem
266 1736 402 1784 causam
415 1717 660 1780 destituemus·
695 1716 884 1782 Sollicitare
900 1718 993 1800 [158]
1008 1721 1147 1803 quidam

51 1823 180 1887 dictum
191 1825 320 1904 putant,
332 1819 385 1883 vel
399 1828 434 1881 ut
449 1817 545 1881 citare
565 1838 602 1882 ex
615 1815 701 1894 sollo,
715 1816 798 1902 quod
818 1829 861 1882 est
876 1837 921 1884 ex
934 1839 996 1884 suc
1012 1822 1089 1886 loco
1105 1843 1146 1889 ac

51 1923 373 1988 sententiamcuere:
395 1917 504 1982 sellum
520 1928 622 1984 cutem
644 1915 722 2000 quin
745 1917 911 2000 significet
924 1920 1048 1997 locum,
1069 1925 1145 2004 quis

47 2019 199 2088 dubitet?
219 2043 289 2084 cum
311 2018 425 2084 nentes
451 2039 554 2103 quoq.
580 2019 730 2083 dicantur
753 2019 829 2083 loco
845 2018 1031 2102 patriarca
1049 2022 1148 2105 putei.

46 2127 242 2209 Tappets¹²
217 2121 331 2188 “lex
357 2121 480 2188 Graeco
505 2120 649 2204 sumpsit,
661 2129 806 2204 tappetae
830 2121 957 2185 Ennius
981 2141 1055 2186 cnm
1080 2126 1144 2194 ait·

44 2235 208 2310 tappetem
221 2222 316 2288 etiam
329 2222 409 2288 dixit
428 2220 614 2305 Turpilius
605 2241 639 2286 ru
652 2223 837 2287 Demetrio.
883 2221 982 2286 ire.
1028 2269 1036 2286 .
1081 2269 1090 2286 .

44 2335 208 2423 tappetem
228 2331 385 2390 veterem:
409 2325 460 2390 sic
480 2329 613 2408 tappete
636 2332 746 2387 rreutrc
767 2343 885 2408 genere.
934 2320 1124 2390 Tarentum
1114 2347 1147 2390 rn

41 2447 177 2510 campo
203 2425 329 2491 Martio
352 2426 466 2491 locum
494 2424 618 2488 Verrius
640 2424 687 2488 ait
709 2423 750 2488 ab
772 2445 806 2488 eo
829 2424 1004 2490 dicendum
1028 2427 1146 2505 luisse,

41 2528 138 2613 qnod
155 2534 244 2593 terra
267 2525 312 2589 ibi
329 2547 389 2610 per
413 2525 500 2590 ludos
521 2526 705 2591 Saecularis
732 2526 823 2591 Ditis
840 2527 948 2609 patris
969 2525 1016 2589 ita
1040 2527 1148 2592 leuiter

39 2635 180 2693 teratur
197 2629 241 2692 ab
269 2628 369 2710 equis
404 2625 632 2709 quadrigariis,
659 2636 693 2688 ut
727 2647 829 2689 eorum
858 2625 932 2688 leuis
959 2628 1146 2694 motilitas¹¹

36 2730 244 2814 aeqniparet
268 2737 374 2791 motas
397 2725 522 2810 rapidos
543 2725 651 2790 velocis
671 2724 787 2803 Lunae,
801 2730 890 2810 qucd
908 2748 1007 2812 quam
1022 2731 1149 2794 aniliter

33 2829 192 2895 relatum
210 2827 263 2906 sit,
285 2827 388 2891 cuivis
412 2827 621 2891 manifestum
644 2820 709 2890 e'st.
757 2823 868 2889 Taurii
894 2825 982 2889 zadic
1007 2827 1147 2893 instituti

33 2932 108 2996 Dis
125 2929 260 2995 Inferis
274 2949 315 2993 ex
329 2927 490 2990 incuncta
501 2927 665 2990 uideatur:
687 2926 874 3011 Tarquinio
891 2933 1056 3010 regnante,
1071 2949 1148 2992 cum

30 3051 170 3116 magua
183 3027 334 3092 incidisset
350 3029 543 3112 pestilentia
559 3029 593 3091 in
607 3029 760 3093 mulieres
778 3025 938 3112 gravidus,
957 3048 1063 3090 earum
1077 3029 1148 3093 fetu

511 3192 688 3214 numne„

61 3292 189 3343 came
192 3289 468 3342 inultm-stat.
471 3288 690 3340 -utirrtrurdns
693 3288 946 3339 -rctrecirira—
915 3289 1083 3354 -llliqua
1085 3297 1148 3342 —12

27 3359 43 3412 t.
64 3362 203 3423 tappete.
205 3359 270 3404 -rs
287 3351 306 3402 f.
322 3354 449 3404 mimum.

547 3466 655 3517 NOTAE

55 3576 68 3602 ⁸
88 3563 257 3627 Sinristrum]
275 3562 341 3611 Vide
350 3563 376 3612 in
387 3561 502 3614 ‘Silere-⁹
623 3562 732 3612 lissima·
743 3561 818 3610 hamc
830 3562 868 3610 M.
880 3561 987 3626 Marius,
997 3561 1150 3612 vestimenta

55 3651 70 3676 ²
89 3643 166 3694 Non
191 3640 269 3689 viden
288 3653 335 3689 cur
349 3639 509 3688 destituantur
529 3651 583 3686 uru-
624 3635 741 3684 detractu
758 3636 917 3699 nunt,virpls
932 3637 1083 3686 assuesti!
1115 3639 1150 3686 Et

29 3718 148 3770 undum
170 3715 214 3764 sit
230 3712 585 3775 incomituaatrrmsldetti·
623 3711 723 3760 Varro:
750 3709 795 3759 ‘Si
819 3724 907 3759 eorum
929 3711 995 3760 cclls
1016 3711 1041 3758 ln
1064 3710 1149 3760 furcas

27 3800 140 3845 mm.-
164 3804 233 3839 nem
245 3790 275 3838 C·
287 3789 420 3839 Gracchus
432 3789 584 3838 iactatione
623 3785 762 3838 destitutae
773 3787 923 3836 incluserit!

27 3871 51 3920 le
62 3867 193 3932 legibus
205 3863 372 3926 promulgari·
380 3863 450 3928 apud
456 3863 584 3927 Agellinm
656 3863 668 3898 ¹²
687 3865 800 3928 l'nppete]
816 3863 949 3927 Turpilius
960 3862 1028 3926 apud
1039 3863 1150 3913 Nonium

27 3949 64 3998 ib.
81 3961 118 3996 x.
141 3956 222 4005 cap.
233 3944 259 3990 1.
277 3954 337 3990 usus
353 3948 395 3990 ert
412 3955 444 3991 ec
462 3941 541 3992 verbe
559 3939 585 3990 in
624 3948 715 3990 neutro
737 3955 832 4004 genere
858 3939 974 4002 protulit,
995 3954 1052 3988 cnm
1074 3938 1151 4002 dixit,

27 4023 123 4074 odem
149 4015 504 4082 significataeuntnqutr:
523 4014 585 4064 ‘ld-
624 4014 881 4079 ‘Glabrumtspete'
915 4014 1151 4065 Festustamensit

27 4101 93 4150 irco
123 4094 223 4159 palus
245 4089 386 4140 destitutus
405 4098 445 4141 est
462 4092 487 4140 ln
509 4092 585 4146 Foro.
624 4091 763 4142 masculina
775 4105 868 4155 genere
881 4089 1050 4141 nsumluisse.

27 4186 111 4240 oque
139 4165 358 4227 adducturum
381 4165 495 4218 civitatis
513 4165 586 4216 nobi·
657 4176 667 4202 ⁸
684 4169 765 4220 Taurii
772 4169 832 4232 ludi]
847 4169 954 4220 Videsia
966 4168 1154 4232 ‘Talipsdnra’

84 4247 208 4315 Daph.
223 4251 246 4297 et
259 4245 395 4298 νοηθὲν.
518 4245 602 4309 Pomp.
614 4247 680 4300 Fert.
1033 4251 1088 4298 tn
