2934 4864
254 389 340 455 1116
589 401 703 450 saxu
727 399 878 449 nonnum
904 400 1004 449 enam

255 547 338 612 noes
370 543 629 630 labefactaretur,
656 542 711 628 qui
733 541 770 606 ob
797 542 947 626 parietem
974 543 1113 608 dirutum
1131 543 1250 608 'iratas'
1269 567 1335 611 oum

253 653 342 710 esset
371 645 448 711 aedis
465 643 608 728 puncta,
638 643 687 709 die
708 643 792 706 dictu
818 643 964 728 collegam
992 643 1164 710 Claudium
1185 645 1339 711 condem-

252 755 394 824 naverat,
405 743 488 831 fecit
510 755 547 808 ut
568 744 674 808 eadem
692 745 763 823 itte,
789 743 888 810 eodem
903 767 969 830 qua
990 745 1024 809 in
1045 745 1119 812 lico
1142 756 1250 824 erant,
1267 769 1340 812 con·

252 847 429 910 demnatum
450 845 638 910 absolverent
667 846 817 910 centuria.
861 847 899 911 L.
919 847 1037 912 AEmili
1065 848 1220 913 Panlns¹
1246 859 1276 910 et
1301 847 1338 916 Q.

201 1025 204 1032 .
254 944 400 1032 Philippi
427 945 568 1033 religiosa
593 969 719 1010 censura
745 950 818 1012 tuit.
870 949 1053 1013 Laboravit
1084 945 1210 1011 Paulus
1238 949 1339 1013 morbo

251 1048 354 1132 grani,
364 1057 393 1111 et
399 1069 485 1132 panc
499 1049 678 1113 amissione
695 1049 817 1130 capitis
832 1047 865 1109 in
876 1069 908 1111 eo
920 1047 1043 1112 honore.
1088 1046 1260 1133 Religiosa
1271 1049 1338 1112 item

251 1156 288 1212 et
316 1149 356 1212 P.
382 1148 508 1214 Comeli
535 1146 687 1232 Scipionis
712 1145 843 1227 Nasica,
867 1147 916 1211 cni
935 1146 1049 1233 collega
1066 1146 1117 1214 Μ.
1135 1148 1180 1212 Ρ.
1203 1150 1338 1232 opilius,

251 1255 330 1332 post
353 1248 512 1314 consulem
526 1249 580 1335 qni
595 1247 735 1334 fratrem
749 1249 840 1328 vidit,
855 1271 979 1312 eernura
996 1250 1077 1330 suitj
1098 1250 1246 1316 vadatus
1262 1249 1340 1311 enim

253 1371 320 1412 cunt
335 1359 416 1414 esset*
495 1395 504 1412 .
591 1397 598 1410 .
683 1371 707 1415 s.
737 1373 757 1414 a
785 1352 828 1416 P.
843 1351 885 1416 R.
911 1350 1073 1415 liberatum
1094 1359 1240 1415 constat.
1287 1349 1337 1414 Μ.

251 1450 400 1516 Valerius
429 1449 576 1528 Messala,
606 1449 642 1515 C.
666 1450 788 1516 Cassius
819 1450 985 1534 Longinus
1014 1450 1189 1527 Censores,
1208 1471 1338 1536 qnorum

250 1551 284 1614 in
312 1553 497 1638 magistratu
525 1551 665 1616 subversa
685 1553 840 1635 pudicitia
862 1556 981 1629 tuerat,
1003 1551 1124 1616 famosi
1148 1552 1339 1615 utiterum:

250 1673 322 1715 nam
331 1651 480 1736 pulmone,
494 1672 560 1736 qun
575 1653 608 1715 in
623 1651 793 1737 Capitolio
808 1655 843 1718 in
859 1671 917 1719 ara
932 1653 999 1735 epea
1016 1651 1105 1715 Jouis
1115 1654 1226 1736 optimi
1239 1653 1339 1715 aram·

249 1752 293 1814 rni
320 1751 396 1816 bello
413 1749 548 1816 Persico
565 1759 642 1818 nuta
661 1753 781 1832 iuerat,
797 1765 868 1818 tunc
887 1762 1082 1838 prostratam
1095 1751 1223 1838 ferunt,
1238 1763 1269 1816 et
1289 1751 1338 1815 ibi

250 1859 374 1919 conam
388 1854 498 1929 ficum,
512 1855 652 1918 infames
666 1874 744 1938 quan
768 1875 872 1918 rursus
884 1853 978 1940 fecit,
993 1853 1047 1940 qui
1070 1853 1136 1916 nnc
1152 1854 1220 1918 ullo
1234 1854 1335 1936 pudi-

250 1955 339 2020 citiae
353 1954 635 2040 respectufueruut
657 1954 810 2020 Cernores.
847 1957 891 2022 'Ia
907 1954 1041 2022 Corneli
1051 1954 1186 2018 Lentuli
1202 1951 1239 2019 C.
1253 1952 1337 2019 Cen·

250 2055 345 2118 artat
359 2056 496 2142 nequitur
510 2078 654 2122 censura:
678 2058 841 2123 Lentulus
858 2058 988 2141 Judicio
1011 2053 1136 2139 publico
1152 2053 1336 2138 repetundo·

249 2177 319 2218 rum
327 2156 626 2222 damnatussaerat:
642 2159 773 2241 plurimi
783 2160 862 2242 itaq.
876 2177 1031 2222 censuram
1041 2153 1154 2238 adepto
1164 2155 1240 2238 [95]
1250 2155 1336 2219 dam

248 2258 381 2322 nationis
404 2279 526 2342 panum
551 2261 740 2324 remiserunt.
785 2257 827 2322 P.
844 2257 1001 2345 Africani,
1025 2257 1065 2321 L.
1087 2257 1234 2320 Mummi
1259 2255 1332 2320 Cen-

249 2378 322 2420 sura
333 2357 481 2445 insignis:
501 2360 554 2424 sed
567 2362 599 2424 iu
611 2381 672 2446 qna
687 2361 826 2446 segnitiae
840 2357 1003 2443 iungendo
1014 2368 1139 2422 notetur
1152 2355 1332 2421 Mummius·

250 2453 284 2518 Is
298 2457 530 2524 Asellumnulla
541 2464 652 2527 solnta
658 2481 758 2546 poena
773 2485 809 2526 eu
822 2462 940 2526 uraniis
953 2460 1072 2535 exeun,
1082 2457 1235 2545 Africani
1245 2460 1329 2522 irriso

248 2560 438 2640 severitate,
453 2562 507 2646 qui
523 2561 611 2626 illunc
614 2561 739 2647 fecerat
753 2564 908 2627 ararium.
954 2561 1017 2624 Sed
1035 2560 1123 2637 etQ.
1141 2561 1245 2624 Fulvi
1266 2560 1331 2624 Nn-

248 2655 375 2736 biliorie‚
397 2670 427 2723 et
451 2663 515 2747 ejus
535 2662 654 2748 collega
679 2663 715 2730 Τ.
731 2663 818 2728 Anici
834 2663 934 2730 Lusci
956 2664 1020 2727 suit
1042 2659 1239 2725 nobilissima
1257 2659 1332 2724 Cen-

247 2778 341 2820 sura:
362 2759 520 2824 nobilitati
540 2765 642 2829 tribus
667 2767 756 2830 notis
770 2765 877 2828 inustis
891 2763 1092 2828 swerissirnis.
1141 2761 1184 2830 Q.
1205 2761 1335 2844 Pompei

247 2867 277 2922 et
294 2855 335 2928 Q.
353 2859 456 2926 Cacili
478 2863 608 2928 Metelli
625 2863 818 2932 Macedonici
835 2864 972 2929 Censura
997 2863 1087 2928 lectus
1110 2871 1269 2941 senatns3
1290 2863 1336 2927 ud

247 2980 404 3025 summum
416 2974 566 3028 seruatores
581 2966 676 3030 amoti
690 2976 759 3030 snrn
778 2975 855 3045 tres,
871 2975 907 3030 at
922 2987 964 3030 eo
979 2965 1103 3042 lumine,
1120 2965 1178 3049 qni
1200 2964 1338 3030 otiorum

247 3058 433 3143 offunderent
450 3066 645 3132 claritatem.
683 3064 856 3144 Redinnrn,
868 3065 1031 3151 signficat,
1043 3063 1185 3144 redeunt,
1205 3067 1341 3132 Fannius

245 3159 248 3167 ¹
621 3179 625 3184 '
722 3167 873 3233 redinunt
886 3169 918 3232 in
929 3169 1068 3252 patriam
1126 3214 1135 3230 .
1228 3214 1237 3230 .
1331 3214 1341 3229 .

248 3305 256 3322 ·
343 3310 353 3329 .
452 3268 601 3332 nuntiari
647 3312 1040 3333 .....
1115 3265 1264 3350 Regium
1273 3277 1346 3348 est,

246 3364 525 3455 quodest‚aatfuit
538 3367 691 3454 Regiani
703 3391 819 3434 servus
831 3368 1098 3456 regius,etdomus
1112 3370 1216 3453 regia,
1232 3369 1344 3455 qualis

245 3479 287 3530 est
303 3467 424 3534 Numan
441 3471 610 3555 Pompili:
633 3481 667 3535 at
683 3469 930 3557 regatefacinus,
945 3469 1027 3556 quod
1040 3479 1083 3532 est
1096 3468 1236 3552 dignum
1245 3491 1342 3553 rege.

246 3564 402 3631 Romanos
426 3569 458 3630 in
473 3569 525 3633 tib.
539 3571 583 3633 ni.
622 3569 747 3636 Gracos
772 3574 922 3656 appellat
938 3572 1147 3648 Ennius,cum
1157 3570 1226 3634 ait:
1254 3569 1348 3634 Con·

245 3666 373 3732 tendunt
405 3666 551 3750 Grucos,
575 3671 697 3736 Graios
719 3693 890 3736 memorare
913 3671 1008 3735 count
1033 3692 1089 3745 sos,
1114 3669 1202 3754 quod
1221 3669 1348 3736 Groena
1464 3751 1465 3758 ἵ

245 3765 354 3852 lingua
368 3771 485 3854 longos
499 3794 558 3856 per
577 3773 716 3856 temporis
730 3783 847 3838 tractus
860 3772 1001 3860 gentibus
1022 3769 1203 3856 Hispani.⁸
1257 3773 1298 3838 N
1300 3795 1348 3840 ou

244 3869 404 3936 Romanos
448 3872 494 3934 ait
519 3869 767 3952 Graecinum,
791 3895 868 3940 cum
894 3873 1056 3938 Romulus
1079 3871 1163 3938 urbis
1190 3875 1352 3940 condunt
1455 3944 1459 3953 ,

275 4199 289 4242 l
306 4195 325 4245 f.
336 4197 464 4248 Parcit-2
482 4198 500 4250 f.
514 4201 642 4266 flemme.
