2930 4870
449 399 452 410 ·
512 389 786 440 uunuttttttuunt.
1107 379 1192 446 1027

100 525 188 592 Coto
204 527 237 590 in
253 547 306 604 na,
320 548 421 612 quum
437 529 557 614 scripsit
629 575 1025 598 .....
1113 554 1191 616 gna,

100 631 177 711 quis
192 627 293 694 homo
336 675 732 698 .....
820 643 875 696 out
891 633 1058 716 pulchrius
1072 646 1194 719 purgat

100 741 155 796 cot
169 731 383 817 magnificius:
404 753 485 796 none
500 731 749 818 magnificentius
768 734 921 812 dicimus,
936 754 1012 800 cnm
1027 736 1194 820 magnifice

99 834 167 918 rjus
183 833 336 916 positivus
350 832 409 898 cit:
431 843 465 900 nt
488 853 591 918 nepos
604 835 689 918 ojus,
700 837 734 902 iu
748 856 789 902 on
803 857 896 921 qrrum
911 835 1032 922 scripsit
1108 881 1117 899 .
1184 885 1192 902 .

104 932 227 1000 Tamen
248 937 307 1012 nit,
322 955 399 1000 cum
415 936 540 1001 AEdilis
558 935 685 1000 Curubis
706 947 791 1015 ercet,
808 935 937 1024 Magno
953 935 1075 1004 Matris
1093 940 1192 1006 ludos

99 1035 360 1120 mngm'ficentiuc,
373 1059 465 1122 quom
487 1035 556 1114 olii,
569 1035 662 1124 fecit.
705 1039 940 1120 Magnificior⁸
963 1060 1095 1124 quoquc
1115 1040 1194 1104 idern

100 1135 258 1202 &ducisse
269 1137 393 1202 uidetur
404 1159 425 1204 n
437 1139 600 1216 munifice,
614 1160 689 1206 cum
701 1141 853 1205 dicamus
865 1162 946 1204 nurtc
961 1140 1193 1225 munificentior,

101 1242 249 1324 quamuis
272 1241 467 1320 munificens
488 1260 554 1306 non
577 1241 621 1307 sit
641 1242 728 1326 opud
745 1264 797 1306 cros
821 1242 855 1306 in
877 1263 944 1306 usu.
991 1241 1071 1306 Coto
1093 1245 1127 1306 in
1142 1263 1194 1320 cn,

100 1361 204 1426 quum
218 1343 368 1425 scripsit,
385 1343 427 1416 id¹
516 1387 524 1404 .
611 1389 620 1409 .
709 1389 716 1405 .
812 1364 898 1408 nemo
913 1345 1097 1409 munificior
1185 1390 1194 1409 .

687 1444 924 1512 Modiocticulo
938 1448 988 1530 [t]
1004 1464 1086 1510 usus
1097 1454 1148 1512 est
1162 1449 1195 1512 in

100 1563 143 1610 cu
156 1565 255 1627 quam
267 1543 354 1611 dixit
365 1545 451 1612 Coto
459 1547 493 1610 in
505 1546 703 1611 consulatu:
721 1545 950 1612 Ridibundum
964 1549 1195 1631 magistratum

101 1655 246 1728 gencrc⁹
270 1648 434 1729 pauculos
463 1647 625 1722 hominos,
650 1648 920 1714 mediocriculum
941 1652 1122 1714 exercitum
1137 1653 1196 1715 ob·

100 1749 192 1812 vium
210 1748 287 1812 duci
304 1747 426 1814 Mutini
439 1748 545 1815 Titini
561 1750 721 1814 sacellum
737 1749 798 1814 suit
813 1751 847 1814 in
862 1749 1000 1828 Vclis,¹⁰
1018 1752 1196 1818 advorsum

99 1857 232 1916 mutum
257 1849 487 1916 Mustellinum
503 1851 537 1915 in
555 1853 723 1934 angiportu
739 1851 781 1914 de
801 1853 868 1934 quc
885 1855 952 1916 aris
968 1854 1111 1918 sublatis
1127 1853 1196 1918 bal·

100 1953 218 2016 ncnrin
230 1949 416 2037 suntsnctn
431 1952 563 2016 domus.
608 1952 683 2017 CN.
707 1952 839 2018 Domiti.
856 1952 999 2030 Caluini,
1012 1974 1087 2018 cum
1103 1973 1197 2018 mnn-

100 2056 206 2118 sisset
220 2055 264 2118 nb
280 2055 359 2118 urbo
374 2053 511 2118 condita
533 2052 576 2116 od
594 2053 817 2141 principatum
833 2053 978 2137 Augusti
997 2052 1127 2118 Cecoric
1150 2055 1196 2118 io·

99 2153 264 2228 oblatum,
285 2153 484 2241 religioseque
499 2161 534 2220 ct
554 2161 667 2220 sancte
683 2157 806 2222 cultum
816 2153 1044 2240 succetrices
1063 2155 1197 2240 Pontifi-

100 2277 174 2320 cum
190 2253 278 2319 libris
291 2257 502 2323 manifestum
518 2264 579 2332 est,
590 2278 671 2320 trono
684 2253 775 2321 dubet
790 2253 950 2320 eductum
964 2255 1008 2319 od
1026 2256 1198 2324 miliarium

98 2356 145 2422 ab
155 2357 232 2420 urire
242 2365 372 2422 sextum
385 2367 420 2423 et
435 2359 663 2436 vicensimum,
676 2356 794 2422 dextra
805 2357 960 2442 viojortu
973 2356 1198 2424 diverticulum

97 2460 172 2534 via,
193 2461 252 2524 ubi
267 2467 297 2524 ct
312 2461 444 2540 colitur,
459 2467 492 2525 ct
507 2458 646 2524 mutieres
660 2457 833 2542 cccnflcont
848 2461 881 2522 in
898 2480 938 2524 co
954 2459 1033 2544 togis
1042 2461 1199 2544 prateriis

98 2561 238 2626 vlntec.¹¹
267 2557 424 2624 Motrooae
446 2561 719 2647 omogistrotibus
741 2580 807 2626 non
833 2560 1135 2639 summovebantur,
1161 2581 1199 2624 nc

90 2660 239 2746 pulsuri,
253 2682 289 2724 ne
303 2663 532 2728 corrtrectnrivc
547 2663 743 2736 viderentur,
759 2683 840 2727 neve
854 2661 989 2744 gravido
1004 2673 1198 2727 concuteren-

95 2775 183 2828 tur:
205 2761 244 2828 ob
259 2783 362 2846 quom
375 2761 467 2826 etiam
488 2782 622 2828 consum
649 2764 697 2828 nit
713 2761 859 2839 Verrius,
887 2757 981 2848 oeque
995 2782 1103 2826 eorum
1117 2766 1198 2828 viror

95 2864 257 2930 sodoma
273 2885 346 2930 cum
369 2865 531 2930 uxoribus
558 2863 601 2930 dc
624 2872 808 2948 essequn¹²
836 2862 1008 2928 escendere
1031 2873 1199 2928 conctusa

94 2967 369 3050 magistratibus,
385 2967 478 3050 quod
494 2967 663 3032 communi
679 2964 831 3031 vehiculo
852 2965 977 3030 vehitur
993 2965 1042 3027 vir
1056 2972 1088 3028 ct
1102 2984 1198 3028 uxor.

93 3065 293 3136 Minuitur¹²
315 3069 443 3151 populo
457 3070 566 3134 luctus
591 3065 674 3132 cedis
689 3065 923 3130 dedicationct
946 3083 1019 3128 cum
1034 3061 1202 3128 Censores

564 3245 624 3266 eno
627 3243 744 3266 meone

134 3367 152 3411 8
170 3361 191 3411 t'.
204 3359 399 3426 discinctum-tt
415 3359 433 3410 l.
449 3365 606 3423 getan—lo
623 3358 641 3409 t.
656 3359 802 3410 Versu-11
820 3357 839 3408 l.
856 3358 1018 3409 utute-tn
1034 3355 1053 3406 f.
1064 3359 1152 3408 ecreto.
1197 3323 1201 3336 ¹

601 3555 707 3608 NOTAE

84 3677 141 3726 ait
161 3673 268 3734 Fertne,
290 3673 405 3722 meminit
427 3685 490 3722 nur.
517 3686 576 3735 cop.
599 3675 637 3721 18.
677 3669 739 3719 cline
757 3676 908 3733 spectantes
928 3669 1081 3728 struinam,
1104 3666 1201 3716 luctum

81 3763 163 3802 euru
184 3748 283 3812 inquit:
303 3749 356 3797 ίΜ.
379 3748 454 3798 Crto.
478 3759 509 3796 st.
522 3759 546 3796 r.
565 3759 596 3796 rt.
609 3757 637 3796 nt.
677 3760 727 3795 non
739 3745 872 3795 minuunt)
883 3743 1064 3806 nmobtcittn.
1078 3742 1120 3790 v.‘
1131 3738 1205 3790 Quid

81 3825 249 3878 vehemens
280 3831 369 3872 orator
399 3821 460 3885 tuit,
490 3822 636 3884 multosque
677 3817 1140 3885 temperatorirbnrlimouiopnnin,
1159 3814 1201 3864 cul

79 3897 285 3954 orationerad
304 3899 449 3962 exemplum
468 3897 510 3945 nul
527 3899 637 3960 scriptu
678 3899 714 3945 rel
738 3910 830 3945 nomen
851 3895 959 3944 dedlrtlr
981 3890 1089 3942 critiri?
1117 3901 1201 3938 nonne

75 3971 234 4041 reliquit!
677 3973 744 4022 itlius
762 3971 883 4033 temporlc
902 3967 1012 4018 lmltntlo
1032 3971 1083 4028 est,
1105 3979 1155 4028 qrro
1173 3979 1203 4014 re

82 4071 88 4082 ·
124 4053 146 4087 Ι·
167 4049 307 4112 diluitur]
318 4048 417 4098 Plinius
429 4048 474 4098 lib.
485 4063 517 4099 rr.
527 4061 584 4112 nep.
595 4053 636 4098 ts.
678 4041 1202 4106 nnmenrcererloirngcdolentium·

71 4134 128 4184 de
160 4127 237 4191 apin.
260 4131 361 4174 mortino
384 4138 464 4186 rege:
486 4123 636 4174 ‘substulit
678 4122 742 4171 roris
754 4121 876 4171 abstinuit
885 4119 902 4167 l'

68 4205 165 4268 gur-,¹
193 4202 288 4266 inqrtit,
310 4199 439 4250 ‘deductu
456 4200 635 4250 muttttrttre:
