2930 4870
510 415 783 470 retonsarum.
869 486 875 498 .
1106 407 1191 480 1007

107 557 375 644 Verrius,nrrtr'qai
390 561 546 628 dicebant
561 564 737 628 testiculos
751 563 824 646 [lt]
837 583 1026 647 porcorum,
1039 585 1114 632 cum
1130 589 1190 634 eos

101 664 305 740 castrabant,
326 683 348 728 a
368 663 532 746 politione
550 671 711 746 segetum,
726 671 785 730 aut
798 667 1084 746 vestimentorum,
1098 671 1190 752 quod

101 765 253 830 similiter
282 775 350 848 atq.
369 765 441 843 illa,
471 774 639 830 curentur.
698 765 799 832 Pater
823 766 986 849 patrimus
1015 768 1190 838 dicebatur

101 867 190 950 apud
221 868 387 951 antiquos,
415 867 475 949 qui
496 885 573 932 cum
591 865 762 950 jamipsa
792 875 889 951 patcr
918 875 1022 944 esset,
1046 869 1190 940 habebat

101 969 205 1031 etiam
220 973 290 1032 tum
305 973 444 1050 patrem.
487 966 698 1032 Portisculus
712 973 775 1044 est,
789 971 826 1030 ut
837 967 954 1032 scribit
964 968 1077 1034 AElius
1088 970 1189 1050 Stilo,

101 1068 160 1150 qui
175 1070 209 1131 irr
225 1075 324 1150 portu
338 1067 471 1134 modurn
485 1069 544 1133 dat
558 1068 679 1132 classi:
694 1067 728 1131 id
743 1076 853 1133 autem
868 1075 918 1134 est
929 1070 1078 1150 malleus,
1092 1071 1190 1155 cujus

100 1171 248 1235 meminit
262 1167 346 1234 Cato
360 1171 395 1234 in
410 1169 623 1234 dissuasione
638 1168 681 1234 de
695 1187 773 1250 rege
787 1168 913 1248 Attalo,
928 1175 963 1236 et
972 1169 1191 1252 vectigalibus
1229 1241 1232 1248 ,

100 1268 219 1335 Asiaer
246 1272 286 1337 C.
313 1271 442 1336 Licinio
468 1269 525 1343 Pr.
549 1270 687 1352 remiges
712 1270 830 1353 scripti
852 1271 943 1334 cives
967 1265 1110 1337 Romani
1126 1275 1190 1338 sub

99 1373 323 1454 portisculum
347 1373 410 1436 sub
423 1372 561 1452 flagrum
583 1371 765 1453 conscripti
786 1371 918 1436 veniere
939 1373 1077 1456 passim.
1121 1372 1189 1438 Pro

99 1473 252 1555 scapulis
273 1493 348 1538 cnm
371 1473 453 1538 dicit
474 1471 573 1550 Cato,
595 1471 762 1553 significat
782 1492 845 1555 pro
865 1474 983 1558 injuria
1000 1474 1190 1540 verberum:

98 1591 179 1638 nam
193 1575 383 1658 complures
401 1577 494 1658 leges
514 1581 610 1640 erant
624 1575 658 1638 in
672 1574 764 1640 cives
778 1580 913 1658 rogatae,
928 1576 1050 1658 quibus
1062 1576 1191 1642 sancie-

98 1677 201 1741 batur
210 1697 311 1760 poena
322 1680 511 1742 verberum:
526 1677 578 1742 his
589 1677 757 1760 significat
767 1678 896 1761 prohib.
908 1677 967 1741 sel
978 1677 1101 1742 multos
1111 1693 1190 1742 suos

98 1778 190 1843 civis
205 1781 240 1844 iu
255 1781 462 1856 eaoratioue,
475 1797 553 1863 quae
568 1786 620 1844 est
633 1785 751 1844 contra
763 1779 813 1842 M.
823 1779 984 1844 Cetium:
1002 1777 1040 1842 Si
1051 1797 1103 1842 em
1114 1795 1189 1860 per-

98 1883 206 1960 cussi,
219 1899 314 1964 saepe
330 1881 506 1946 incolumis
520 1881 606 1946 abii:
624 1891 788 1965 praeterea
798 1901 858 1965 pro
868 1899 938 1963 rep.
950 1898 1015 1962 pro
1026 1880 1190 1961 scapulis,

98 1987 203 2064 atquc
219 1984 336 2048 aerario
350 1983 493 2047 multum
509 1981 553 2046 R.
569 1981 609 2046 P.
626 1981 763 2065 profuit.
807 1980 1005 2045 Primanus⁸
1021 1979 1190 2044 Tribunus

94 2084 189 2166 apud
212 2083 373 2150 Catonem
389 2087 421 2148 in
435 2103 486 2159 ea,
501 2103 576 2168 quae
594 2089 646 2148 est
660 2088 775 2147 contra
788 2082 966 2146 Thermum
980 2080 1022 2145 de
1039 2081 1109 2145 suis
1126 2082 1192 2146 vir-

94 2185 194 2249 tutib.
246 2185 350 2252 Aliud
381 2197 433 2252 est
459 2204 650 2269 properare,
680 2183 771 2249 aliud
797 2184 973 2248 festinare:
1001 2183 1060 2265 qui
1088 2200 1190 2248 unum

93 2287 231 2370 quodq.
245 2295 374 2352 mature
395 2288 556 2370 transigit,
572 2287 604 2351 is
618 2295 793 2371 properat:
807 2285 865 2370 qui
879 2286 983 2350 multa
996 2283 1093 2350 simul
1108 2281 1192 2348 inci·

92 2390 162 2471 pit,
184 2409 256 2474 neq.
280 2389 422 2474 perficit,
443 2391 474 2454 is
494 2389 646 2456 festinat.
689 2389 831 2455 Prorsus
854 2405 953 2471 porro
976 2401 1102 2464 versus,
1124 2385 1192 2452 nisi

89 2489 183 2556 forte
204 2509 249 2554 ax
273 2489 394 2558 Graeco
420 2487 505 2575 Προίθ
547 2490 632 2556 Cato
655 2490 697 2554 de
719 2489 922 2554 feneratione
949 2488 1032 2570 legis
1056 2486 1189 2552 sunia:

90 2591 257 2658 Camerni
267 2600 294 2630 ¹0
316 2593 407 2658 cives
420 2593 526 2656 nostri
540 2592 701 2676 oppidum
716 2590 890 2674 puichmm
902 2590 1061 2668 habuere,
1076 2607 1191 2672 agrum

88 2694 277 2778 optimum,
294 2699 395 2776 atque
411 2693 681 2775 pulcherrimum,
696 2711 766 2756 rem
779 2691 1098 2758 fortunatissimam:
1115 2707 1190 2755 cum

86 2793 247 2862 Romam
268 2795 451 2864 veniebant,
479 2813 617 2878 prorsus
638 2793 892 2862 devertebantur
916 2812 977 2875 pro
1002 2791 1191 2875 hospitibus

84 2895 140 2960 ad
158 2895 291 2960 amicos
307 2914 397 2960 suos.
442 2894 621 2960 Prohibere
643 2893 790 2972 comitia,
817 2892 937 2958 dicitur
962 2893 1082 2956 vitiare
1105 2890 1192 2954 diem

78 2998 230 3073 morbo,
253 2997 312 3080 qui
336 2997 439 3079 vulgo
460 2995 593 3078 quidem
613 2995 730 3079 major,
746 2999 886 3058 ceterum
901 2993 945 3056 oh
959 2991 993 3055 id
1007 2993 1118 3073 ipsum
1134 3005 1192 3053 co-

77 3097 238 3164 mitialis
253 3097 452 3181 appellatur.
495 3097 579 3162 Cato
593 3097 628 3159 in
651 3115 692 3160 ea
705 3094 866 3172 oratione,
883 3112 984 3177 quam
1000 3091 1135 3174 scripsit
1149 3088 1191 3153 de

73 3199 279 3281 sacrilegio
293 3199 494 3263 commisso:
514 3197 620 3261 Domi
631 3215 707 3260 cunr
724 3195 950 3275 auspicamus,
966 3192 1122 3256 honorem
1137 3209 1192 3253 me

72 3303 191 3367 dium
204 3307 228 3338 ¹¹
244 3300 481 3369 immortalium
496 3299 594 3364 velim
607 3297 786 3361 habuisse:
802 3296 899 3372 servi,
913 3291 1057 3368 ancillae,
1072 3291 1191 3374 siquis

67 3421 215 3469 eorum
230 3404 294 3466 sub
305 3409 444 3466 centone
459 3400 596 3483 crepuit,
611 3396 700 3482 quod
711 3417 772 3478 ego
787 3415 854 3461 nou
864 3395 963 3471 sensi,
974 3393 1102 3458 nullum
1111 3389 1192 3458 mihi

67 3507 218 3572 vitium
233 3502 335 3568 facit:
351 3505 381 3567 si
396 3503 451 3566 cui
461 3502 585 3566 ibidem
600 3519 707 3577 servo,
719 3506 776 3564 aut
786 3498 914 3563 ancillae
928 3495 999 3581 [45]
1015 3495 1192 3559 dormienti

63 3606 224 3684 evenit,
247 3605 339 3690 quod
361 3604 500 3670 comitia
522 3601 696 3688 prohibere
720 3601 818 3680 solet,
839 3621 879 3665 ne
899 3601 931 3664 is
954 3598 1088 3686 quidem
1110 3595 1192 3662 mihi

559 3779 737 3804 imo·

102 3911 125 3955 8
149 3901 179 3952 f.
198 3897 403 3964 andrina-o
420 3899 439 3949 f.
454 3897 821 3964 rpdr.-lttf.Ccrreriai.-ll
840 3893 959 3946 filicum.

596 4073 705 4130 sorra

93 4213 110 4237 e
135 4191 303 4255 Primus]
314 4191 357 4241 lta
366 4191 441 4256 plane
454 4198 494 4242 ert
505 4193 530 4242 in
542 4205 628 4242 exem·
669 4191 718 4248 dit,
730 4189 770 4239 vel
781 4187 855 4250 alirn,
872 4186 914 4250 qui
934 4184 1017 4234 locum
1030 4185 1150 4250 exemplo
1165 4193 1195 4238 et
1456 4171 1457 4222 l

46 4278 145 4349 plari
163 4289 172 4320 :
201 4269 301 4335 reliqua
312 4267 419 4320 fortasse
431 4269 471 4320 rel
481 4269 575 4320 Paulus
586 4269 630 4320 ad·
668 4266 841 4334 explicatione
854 4263 982 4314 illustrare
996 4261 1084 4312 roluit.
