2986 4846
285 375 334 422 nn
362 371 568 424 vnnnonorr
593 371 901 424 eronrrroarrortn
926 375 999 424 nra.
1023 375 1105 426 xrv.
1158 363 1225 429 dot

177 515 247 582 ilia
262 515 427 583 Palanto⁶
445 517 657 596 habitaverit,
676 536 753 602 qnae
774 537 820 583 ex
834 513 984 584 Hercule
999 518 1154 585 Latinum
1167 539 1226 606 pe-

179 619 283 701 perit:
306 620 365 683 alii
380 619 533 698 eundern,
554 619 645 708 qnod
660 620 779 687 Pallas
792 622 841 688 ibi
863 620 1016 706 sepultus
1031 623 1086 702 eit,
1107 626 1226 692 existi-

180 726 268 785 mant
280 721 457 804 appellari.

139 819 341 888 Palatualis‘
366 823 507 888 Flumen
529 823 573 891 ad
594 825 849 892 sacrificandum
871 825 902 892 ei
921 827 1008 892 Deae
1031 829 1227 896 constitutus

180 930 260 1003 erat,
273 926 307 988 in
323 925 419 1009 cujus
434 927 536 992 tutela
552 927 722 993 Palatium
737 947 813 993 esse
824 929 1001 1012 putabant.

140 1025 333 1092 Palatualis
346 1027 491 1095 Flamen
515 1031 718 1096 constitutus
732 1039 796 1109 est,
810 1032 901 1115 quod
917 1032 952 1096 in
969 1031 1078 1096 tutela
1103 1030 1226 1113 [Fruar.

181 1129 257 1212 ejus
274 1129 358 1194 Doae
372 1128 540 1196 Palatium
554 1137 617 1198 eet.

139 1227 264 1296 Palea*
281 1230 454 1297 dicebatur
463 1231 538 1296 Dea
547 1237 736 1316 pastorum,
745 1233 842 1318 cujus
851 1233 943 1300 foeta
951 1234 1068 1318 palilie
1090 1235 1227 1319 [Pron

179 1331 385 1410 dicebantur,
400 1333 465 1410 vel,
479 1337 517 1397 ut
530 1333 588 1398 alii
599 1333 729 1413 volout,
741 1334 835 1400 diota
848 1333 978 1420 parilia,
990 1337 1149 1418 quoniam
1165 1357 1226 1421 pro
1262 1364 1270 1378 ·

181 1439 277 1515 partu
290 1435 424 1516 pecoris
437 1434 544 1498 eidem
558 1453 654 1500 auore
668 1434 801 1500 debant.

138 1531 270 1600 ΡιιΙΙιιιΙ
295 1535 449 1602 Minerva
472 1543 528 1600 eet
550 1534 652 1613 diota,
665 1534 757 1619 qnod
781 1535 971 1602 Pallantem
991 1537 1158 1621 giguntm
1177 1539 1227 1604 in·

178 1637 363 1719 terseoerit3
387 1638 452 1715 vel,
472 1636 561 1702 siout
580 1637 757 1720 putabant,
772 1635 863 1720 qnod
884 1638 919 1702 in
933 1637 1089 1704 Pallante
1103 1639 1229 1724 palude

178 1746 260 1804 natu
272 1748 338 1803 est.

138 1837 301 1904 Palmitee
313 1848 333 1876 ¹³
357 1841 476 1906 vitium
496 1845 666 1906 sarmenta
684 1839 909 1924 appellantur,
929 1839 1020 1923 qnod
1038 1842 1072 1906 in
1092 1841 1228 1907 modum

176 1941 368 2025 palmarum
380 1941 598 2006 humanarum
610 1941 770 2022 virgulas,
785 1942 886 2024 quasi
900 1941 1035 2024 digitos,
1049 1941 1164 2007 edum.

138 2042 301 2108 l’alurulae
315 2043 529 2126 appellantur
540 2043 623 2109 remi
637 2061 659 2106 a
669 2043 888 2109 similitudine
903 2061 1023 2108 manna
1036 2041 1201 2108 humanae.

140 2143 303 2228 l’alpari,¹¹
318 2143 479 2209 blandiri.

166 2437 255 2488 avet·
265 2436 314 2488 lib.
328 2437 478 2512 Perturbat
489 2444 582 2492 uroaet
596 2439 729 2492 Herealen.
755 2439 822 2490 Vide
832 2440 924 2492 Notae.

627 2616 736 2670 NOTAE

138 2759 195 2796 nara
208 2744 297 2810 adeat,
316 2744 386 2803 lala.
400 2761 484 2812 arear,
494 2747 662 2800 altitudines:
703 2747 807 2812 placeat
817 2748 911 2800 Perille
922 2752 1020 2800 tanturn
1036 2746 1099 2812 diei,
1117 2747 1232 2802 eelebre-

137 2823 202 2874 unde
219 2831 250 2872 et
263 2821 387 2882 salntem
406 2823 545 2876 fletruaeia
562 2825 665 2876 cutum.
704 2822 847 2874 banturll.
859 2823 990 2874 Kalendae
1002 2822 1075 2880 Maii,
1086 2823 1232 2876 nivellae

136 2898 201 2949 Vide
217 2897 316 2948 ‘salz’
332 2899 408 2950 [ιιι.
706 2897 801 2950 Ouidio
811 2897 952 2963 plaeetlib.
962 2912 1003 2950 tr.
1014 2899 1086 2950 Faat.
1102 2899 1167 2952 Dae.

167 2975 174 3009 ¹
200 2971 351 3038 Pdataelie]
378 2976 488 3026 Palatea
514 2975 572 3028 Dea
596 2975 666 3040 apud
737 2971 1232 3038 ¹Palla118ireardtaeo,abagita·

139 3050 282 3101 Varronem
295 3051 340 3101 lib.
351 3064 390 3103 vr.
402 3051 434 3101 de
451 3052 525 3115 ling.
543 3053 603 3103 Lat.
622 3065 665 3102 aa·
706 3049 786 3112 tione,
798 3057 827 3100 ut
836 3051 875 3100 alt
885 3049 962 3102 Plato
972 3050 999 3100 lu
1010 3051 1128 3114 cratylo,
1144 3052 1201 3101 aire
1216 3065 1233 3100 ι

137 3124 193 3176 deae
204 3125 315 3178 tenerae
327 3127 430 3178 Palatia
444 3127 531 3180 Latini
542 3141 616 3186 uror,
632 3129 666 3180 da
707 3126 836 3186 Pallante,
860 3126 986 3192 Giganta,
1000 3139 1077 3191 quam
1093 3125 1235 3190 interteelt,

138 3215 188 3266 qua
197 3202 266 3252 idean
278 3202 324 3252 tio.
336 3216 375 3255 ιν.
391 3204 450 3254 Aet.
460 3203 527 3266 Arg.
706 3201 785 3252 rirea
796 3201 918 3252 Pallante
929 3200 1033 3265 palude,
1044 3207 1074 3252 ut
1083 3201 1201 3254 Tritonia
1218 3216 1235 3251 a

169 3277 306 3328 Palatuale'a
315 3278 427 3343 Flam]
437 3279 538 3330 Flamen
546 3278 666 3330 Palatua
704 3276 820 3339 Tritone,
833 3291 891 3328 narn
906 3276 996 3329 Triton
1010 3283 1039 3328 et
1054 3276 1144 3328 Pallae
1162 3279 1235 3341 palu·

139 3353 213 3403 Dea.
235 3353 322 3404 Varro
334 3355 379 3406 lib·
391 3368 429 3404 ar.
447 3355 565 3406 ‘Suutin
573 3355 666 3421 quibua
706 3350 752 3402 dea
770 3353 802 3402 ad
821 3352 917 3416 syrrtu
936 3352 1071 3403 minorent.
1102 3352 1155 3403 Sed
1175 3353 1234 3404 ride

139 3429 282 3480 Flnluunr
302 3431 497 3494 cognominibua
518 3432 602 3482 latent
618 3431 668 3482 ori·
714 3428 867 3479 ‘Minerva‘
884 3436 913 3480 et
929 3427 1083 3480 ‘Tritonia’
1100 3429 1176 3480 Μαι

138 3505 222 3567 giuea,
240 3513 270 3556 ut
291 3507 335 3572 qui
354 3507 451 3557 ruutiu
463 3507 578 3558 retribue
590 3507 667 3571 pleri·
738 3510 756 3536 ¹³
774 3504 900 3568 Palatitea]
914 3504 1010 3554 Pellaea
1025 3519 1075 3554 nou
1086 3505 1235 3558 lutaaediata

139 3594 188 3644 que
199 3581 371 3643 Volturnalir,
391 3582 545 3647 Palatualia,
562 3583 667 3634 Furina-
707 3581 824 3644 epulare,
845 3578 891 3630 aed
914 3580 1094 3644 apalnaaitr'a,
1116 3583 1234 3647 pauleia,

138 3657 179 3718 lia,
190 3657 599 3722 litoralia,Falaeer,Poutoualia.
613 3658 668 3710 Ob·
704 3656 824 3722 putueo,
837 3657 935 3720 pultare.
967 3656 1003 3708 Et
1019 3657 1087 3708 atala
1096 3658 1179 3710 Varro
1190 3658 1235 3710 lib.

137 3745 215 3781 aeara
235 3741 279 3782 ert
299 3747 388 3782 eornur
414 3734 496 3797 origo,
518 3734 669 3796 vulturnae,
708 3746 729 3784 ι.
741 3732 774 3783 de
785 3731 978 3796 luitpalaruaa,
996 3731 1034 3782 aio
1051 3732 1120 3784 auiru
1138 3731 1235 3784 dleltur

138 3806 261 3872 Palatua,
271 3809 379 3872 Fotina,
391 3810 475 3874 tlara,
487 3809 602 3873 Falacer,
617 3811 667 3861 Po·
707 3805 1235 3872 etpotamqwtpotlemdteteuvutr,
1304 3873 1305 3878 Ἰ

140 3899 216 3942 naua
227 3899 361 3950 pomorum
374 3885 499 3950 patrpna.’
515 3887 578 3938 Dua.
707 3883 775 3949 quod
787 3897 850 3934 urae
861 3883 956 3948 pariat,
965 3882 1052 3948 palata
1059 3881 1129 3932 enirn
1139 3896 1155 3931 a
1166 3882 1236 3933 alunt.

172 3957 667 4026 *PetoJVtae‘Partltuue’AaeAeg.
706 3959 817 4012 titudine
839 3961 931 4024 patrna
953 3957 1064 4010 horalaia
1089 3957 1161 4010 diota
1185 3967 1236 4024 eat,

172 4037 257 4100 Μαι]
281 4038 457 4102 Eademque
476 4038 566 4092 verta.
604 4041 668 4104 Iijera
707 4033 1235 4104 quonuaextnreergtrtateeatuaeve,

137 4113 207 4164 saeta
217 4113 311 4165 Palilia
320 4123 348 4164 at
359 4113 466 4179 Parilia,
481 4115 596 4179 qoaurria
612 4116 670 4166 lla·
709 4120 860 4166 ammana.
872 4109 947 4162 laea

140 4189 180 4242 ria
198 4189 334 4242 Victorino
355 4189 445 4240 Palilia
462 4190 625 4256 diaplieeant,
642 4201 670 4248 et
743 4199 755 4226 ¹¹
777 4187 890 4252 Palm]
914 4186 968 4240 Pro
992 4187 1100 4252 ΝΜ,
1123 4187 1235 4242 maltro
