2912 4858
270 336 355 404 1198
605 349 719 400 snxrr
746 351 897 400 nournrr
922 349 1028 400 rnsrr
1085 313 1089 320 ’

272 513 354 560 usus
368 501 422 558 est
424 533 1351 558 ...........

272 639 280 658 .
379 636 871 658 ......
955 593 1088 658 Tabam
1104 611 1196 670 earu,
1220 611 1298 677 qua
1314 591 1354 656 la·

270 702 357 762 neret
368 695 632 778 tabescerenpud
641 695 795 776 antiquos
816 691 906 776 [188]
928 701 1142 778 usurpatum·
1180 695 1352 760 Sallustius

271 816 405 880 quoque
420 796 618 878 frequenter,
633 803 671 860 ut
689 795 723 858 in
744 793 906 870 Catilina,
922 813 999 860 oum
1013 797 1083 859 ait:
1110 794 1173 858 Uti
1187 795 1286 858 tabes
1298 794 1354 878 ple-

270 916 358 980 rosq.
380 897 505 962 civium
525 897 654 962 animm
675 897 860 962 invaserat:
883 897 964 961 etin
978 897 1038 960 lib.
1062 913 1117 960 rr.
1136 895 1354 960 historiarum:
1440 922 1445 931 ·

271 996 490 1081 Quiquidem
506 1017 590 1076 mos,
606 1004 642 1062 ut
656 999 750 1062 tabes
769 998 804 1060 in
826 996 948 1062 Urbem
973 997 1135 1062 coierit:¹³
1162 1003 1198 1060 et
1219 995 1356 1060 Cerrini-

272 1108 349 1164 us¹⁴
384 1119 445 1184 pro
469 1099 648 1164 Liburnia:
672 1099 813 1182 Propter
833 1098 920 1162 bano
941 1101 1064 1176 tabem,
1091 1105 1162 1182 atq.
1188 1099 1355 1184 perniciem

271 1201 390 1266 domus
404 1202 517 1266 totius.
559 1200 708 1264 Tabellis
723 1219 783 1283 pro
798 1199 922 1264 chartis
938 1201 1113 1264 utebantur
1130 1199 1280 1282 antiqui,
1294 1199 1356 1282 qui·

271 1303 335 1368 bus
346 1303 432 1368 ultro
444 1305 555 1378 citro¹⁵
571 1301 641 1366 sive
656 1301 821 1383 privatim,
832 1303 905 1366 sire
920 1302 1055 1383 publice
1070 1319 1163 1382 opus
1176 1306 1263 1377 erat,
1272 1303 1356 1365 certi-

272 1423 346 1468 oras
373 1405 531 1470 absentes
552 1402 738 1469 faciebant:
761 1403 848 1466 unde
870 1402 977 1468 adbuc
999 1401 1167 1466 tabellarii
1189 1401 1354 1468 dicuntur:

272 1511 306 1570 et
320 1505 455 1570 tabellae
474 1505 587 1568 misse
609 1504 652 1566 ab
674 1503 940 1588 imperatoribus.
984 1503 1103 1584 Tages
1127 1503 1355 1570 furunculusa

272 1606 437 1687 tangendo
448 1603 473 1645 ¹⁶
496 1604 595 1686 eujus
610 1603 768 1668 vocabuli
781 1603 943 1667 Lucilius
962 1603 1134 1667 meminitr
1158 1602 1204 1666 Et
1221 1607 1356 1668 mutonis

271 1725 404 1770 uranum
419 1705 626 1788 perscribere
638 1711 662 1753 ¹⁷
685 1723 786 1788 posse
801 1703 970 1784 tagam.¹⁸‘
1011 1704 1125 1786 Tages
1144 1705 1280 1768 momine
1297 1705 1357 1768 Ge·

270 1807 318 1871 nii
340 1803 440 1880 filius,
460 1823 566 1888 nepos
587 1803 698 1880 loris,
721 1824 804 1887 puer
825 1805 949 1869 dicitur
969 1805 1206 1887 discipuliuam
1229 1805 1356 1871 dedisse

272 1907 430 1989 aruspicii
439 1905 620 1970 duodecim
635 1903 771 1987 populis
786 1904 936 1970 Etruriae.
978 1905 1134 1969 Taminia
1147 1925 1225 1969 nrae
1239 1907 1356 1989 sylves·

271 2008 330 2070 tris
352 2025 473 2088 genus:
495 2007 624 2072 videtur
636 2003 756 2070 Verrio
772 2005 871 2082 dicta,
886 2006 975 2089 quod
995 2011 1063 2070 tam
1086 2007 1175 2070 mira
1198 2008 1244 2070 sit
1263 2027 1356 2091 quam

273 2107 418 2172 minium.
459 2107 565 2172 Talus
584 2108 618 2170 in
638 2107 835 2172 Sabinorum
857 2107 1045 2170 nominibus
1058 2107 1278 2188 praenominis
1291 2109 1357 2172 loru

271 2207 401 2273 videtur
414 2207 531 2272 luisse.
572 2207 787 2272 Talentornm
802 2225 869 2271 non
882 2227 980 2272 nuum
996 2226 1112 2289 genus.
1146 2206 1297 2272 Atticum
1309 2217 1359 2272 est

272 2307 477 2374 sexmilliurn
501 2307 678 2372 denarium.
726 2307 893 2372 Rhodium
923 2314 957 2372 et
969 2317 994 2358 ¹⁹
1013 2309 1255 2391 Cistopborum
1283 2329 1359 2392 qua·

272 2417 347 2472 tuor
369 2408 522 2484 millium,
542 2416 577 2472 et
596 2410 845 2490 quingentorum
868 2409 1049 2473 denarium.
1093 2408 1357 2474 Alexandrinum

273 2515 373 2574 xrr.²⁰
387 2508 572 2572 denarium.
616 2509 876 2592 Neapolitanum
892 2519 975 2573 sex¹
991 2510 1176 2574 denarium.
1218 2513 1360 2594 Syracu-

271 2628 389 2674 sanum
405 2611 523 2673 trium*
538 2608 718 2674 denarium.
762 2609 946 2692 Rheginum
958 2612 1142 2675 victoriati.
1164 2612 1358 2689 Tamne,eu
1446 2653 1447 2656 =

270 2729 389 2793 usque,
404 2714 439 2773 nt
453 2710 563 2774 AElius
578 2709 664 2775 Stilo
684 2717 720 2774 et
739 2710 895 2794 Opillus³
913 2710 1072 2776 Aurelius
1093 2714 1362 2795 interpretentur.

272 2811 359 2894 ltaq.
386 2809 563 2874 Afranius:
585 2811 712 2875 Tamne
739 2813 853 2876 arcula
874 2819 932 2877 tua
957 2813 1057 2895 plena
1080 2821 1133 2877 est
1156 2833 1364 2879 aranearum.
1446 2825 1447 2902 ζ

271 2913 431 2978 'I’beleae4
452 2931 570 2976 nornen
586 2910 709 2976 dietum
730 2919 802 2976 est⁵
825 2913 883 2978 alii
903 2915 946 2978 ab
962 2915 1071 2979 aetatis
1085 2914 1167 2978 flore
1181 2916 1295 3008 aiunt,
1309 2917 1367 2980 alii
1446 2909 1447 2916 '

272 3014 361 3097 quod
384 3015 530 3078 earmina
550 3033 680 3096 semper
707 3013 858 3079 floreant.
900 3016 1099 3098 Talipedare
1120 3019 1257 3100 antiqui
1279 3017 1370 3082 dice·

271 3115 353 3178 baut
378 3133 438 3195 pro
461 3115 619 3179 vacillare
646 3115 789 3196 pedibus
814 3116 1024 3192 lassitudine,
1051 3119 1149 3201 quasi
1175 3120 1237 3202 qui
1267 3120 1371 3184 trabit

271 3215 389 3298 pedes,
417 3224 455 3280 nt
484 3215 565 3279 talis
588 3216 738 3280 videatur
766 3216 924 3294 insistere,
954 3224 1014 3280 ant
1043 3218 1230 3282 identidem
1253 3219 1373 3284 tollere

272 3317 386 3399 pedes.
429 3315 513 3380 Tam
535 3315 808 3400 significationem
823 3317 934 3395 babet,
949 3337 1027 3382 curu
1050 3319 1208 3401 ponimus
1231 3339 1373 3403 praepo·

272 3416 408 3480 sitirem
418 3417 599 3498 quandam,
615 3418 670 3480 cui
683 3417 910 3499 subjungimus
926 3437 1046 3501 quam3
1068 3427 1108 3482 nt
1121 3439 1199 3484 enm
1209 3421 1373 3498 dicimus,

271 3521 337 3580 tum
351 3517 515 3597 egregium
528 3515 615 3600 epus
630 3521 699 3580 tam
714 3535 820 3599 parvo
836 3520 942 3600 pretio
957 3519 1103 3598 venisse,
1126 3520 1223 3604 [189]
1245 3524 1282 3588 id
1307 3531 1373 3598 est,

305 3777 420 3826 ιιι.ιι
420 3775 563 3836 ourane-
532 3778 793 3842 -ιιιοιιιιιιιιι
794 3778 1130 3894 -ηιιιιιιιιιιι-ιιι.
1154 3785 1378 3899 ιιιιιιι.-ιτι.

271 3841 495 3955 muru
452 3901 751 3972 ,ι
766 3841 1052 3958 ιιι.
962 3871 992 3956 ι

762 4055 866 4108 NOTAE

185 4176 193 4194 .
304 4147 311 4178 ⁸
328 4147 409 4198 Lucili
420 4163 509 4201 rerunt
521 4151 557 4202 lta
569 4152 753 4212 emendantur.
765 4154 798 4203 Et
810 4154 910 4203 nataris
918 4169 988 4205 m
997 4157 1141 4218 mentm
1150 4175 1217 4224 por
1227 4167 1352 4224 tegerem.
