2930 4870
240 332 326 397 1040
573 347 687 396 snxrr
712 347 867 398 rournrr
894 345 996 398 rnsrr

241 499 303 556 tus.
336 490 408 574 [17]
423 487 549 556 Ennius
565 491 603 554 L.
624 487 674 556 v'r.
706 492 825 556 Novus
839 493 1102 575 repertusbomo
1116 490 1225 558 Graio
1239 501 1324 576 patre
1453 461 1454 476 ἵ

241 593 362 657 Graius
377 592 477 656 homo
492 612 574 657 rex:
590 601 624 656 et
637 594 676 658 L.
693 609 776 656 xvr.
822 594 990 658 Nauorum
1006 594 1182 677 imperium
1199 614 1328 658 serrare

239 702 293 760 est
320 697 582 777 insuperantum.
627 695 771 759 Plautus
801 698 835 760 in
866 696 1063 760 Friuolaria.
1107 695 1210 760 Nave
1234 715 1328 777 agere

240 803 380 878 oportet,
395 795 486 878 quod
504 815 597 878 agas,
612 815 676 858 non
693 795 868 860 ductarier.
914 794 1216 872 Navalisfscriba,
1231 798 1330 880 quiin
1454 802 1458 847 ῑ

239 917 325 962 nave
339 899 531 980 apparebat,
548 899 633 961 inter
647 898 736 962 aliud
754 918 856 980 genus
871 900 1053 962 scribarum
1068 900 1218 962 minimae
1230 899 1330 978 digni·

239 1001 322 1064 tatis
343 999 539 1076 habebatur,
571 1000 661 1080 quod
685 999 842 1081 periculis
865 1019 999 1083 quoqne
1019 999 1093 1082 ejus
1116 1000 1328 1063 ministerium

240 1122 314 1166 esse
326 1109 352 1150 ¹⁴
374 1100 554 1184 objectum.
573 1134 577 1140 ·
600 1101 755 1165 Plautus:
782 1121 847 1165 non
861 1121 923 1181 ego
938 1107 969 1164 te
983 1103 1061 1165 novi
1077 1100 1208 1164 navalis
1224 1102 1328 1164 scriba

239 1204 421 1267 columbari
436 1201 633 1284 impudens:
650 1201 722 1264 sive
736 1201 830 1285 quod
846 1203 1050 1266 columbaria
1063 1201 1098 1264 in
1114 1221 1203 1265 nave
1218 1203 1329 1285 appel·

239 1303 411 1378 lautores,
426 1304 550 1386 qriibus
566 1323 630 1366 rem
647 1305 844 1384 geminent¹⁵
858 1304 930 1366 sive
945 1303 1037 1385 quod
1052 1303 1326 1366 columbariorum

239 1411 389 1486 quaestus
420 1405 611 1468 temerarius
637 1404 864 1487 incertusque.
915 1402 1120 1467 Nassitema
1147 1411 1202 1468 est
1232 1423 1328 1484 genus

239 1507 330 1568 vasis
346 1507 461 1587 aquari
477 1506 596 1580 ansati,
611 1511 645 1568 et
660 1505 815 1588 patentis.
828 1504 925 1588 quale
937 1512 989 1568 est
1003 1524 1071 1587 quo
1087 1505 1167 1588 eqni
1181 1503 1329 1588 pertundi

239 1606 356 1670 solent.
379 1631 381 1638 ¹
400 1604 542 1668 Plautus
557 1605 591 1668 in
606 1605 803 1670 Bacchidib.
819 1605 893 1669 baec
908 1607 982 1688 quis
992 1604 1019 1644 ¹⁶
1033 1614 1154 1670 evocat
1170 1625 1247 1670 oum
1258 1625 1329 1670 nas-

238 1709 371 1785 siterna,
386 1713 509 1772 etcum
523 1725 613 1789 aqua
634 1706 736 1770 istum
758 1707 1042 1789 impurissimuml
1067 1716 1102 1771 et
1117 1708 1151 1770 in
1170 1706 1329 1772 Nereola·

238 1809 298 1873 ria.
343 1807 470 1891 Ecquis
484 1808 550 1870 huc
573 1805 665 1870 effert
686 1808 906 1870 nassiternam
931 1827 1005 1871 curn
1023 1825 1111 1890 nque
1126 1809 1202 1872 sine
1216 1807 1328 1872 suffra-

240 1911 322 1989 giot
346 1917 381 1975 et
397 1909 481 1973 Cato
497 1910 528 1972 in
543 1927 584 1972 ea
603 1908 760 1986 oratione,
774 1913 875 1991 quarn
897 1909 1088 1991 composuit
1104 1909 1140 1971 in
1158 1909 1326 1993 Q.'Sulpi·

239 2011 337 2075 cium.
381 2009 524 2088 Quoties
550 2009 620 2074 vidi
636 2010 754 2072 truilos
773 2010 979 2073 nassiternas
995 2010 1148 2092 perinsus
1160 2019 1186 2059 ¹⁷
1200 2012 1325 2094 aqualis

239 2113 393 2177 matellas
423 2111 498 2175 sine
524 2111 627 2176 ansis.
672 2108 788 2173 Nassa
814 2117 869 2173 est
895 2109 1116 2193 piscatoria¹⁸
1142 2113 1217 2176 vasi
1231 2121 1255 2162 ¹⁹
1278 2133 1327 2194 ge·

153 2246 159 2257 ·
238 2233 314 2292 nus,
335 2233 402 2297 quo
424 2233 497 2278 cum
517 2213 649 2276 intrarit
668 2211 783 2294 piscis,
803 2211 894 2294 exire
916 2230 981 2276 non
1003 2219 1123 2293 potest
1169 2212 1326 2278 Plautus:

240 2314 422 2396 Nunquam
446 2313 577 2378 hercule
599 2332 642 2376 ex
664 2314 732 2376 iata
756 2330 860 2374 nassa
880 2311 978 2376 bodie
1000 2331 1062 2396 ego
1080 2333 1194 2378 escam
1211 2322 1329 2397 petam.

239 2415 400 2496 Napnras
427 2415 562 2491 nectito,
591 2431 668 2477 cnm
698 2413 784 2477 dixit
809 2411 983 2489 Pontifex,
1010 2412 1149 2479 funiculi
1176 2435 1224 2479 ex
1247 2426 1330 2480 stra·

237 2515 354 2578 mantis
375 2513 467 2577 fiunt.
513 2513 749 2587 Naustibnlum
765 2516 931 2578 vocabant
952 2516 1080 2597 antiqui
1096 2535 1159 2580 vrrs
1182 2518 1271 2582 alvei
1283 2519 1333 2581 si-

237 2615 315 2678 mile
330 2615 407 2678 vide
420 2621 447 2651 ²⁰
469 2615 599 2678 oneris
615 2613 844 2679 similitudino.
890 2611 1004 2678 Navia
1018 2623 1071 2678 est
1084 2635 1153 2680 uno
1170 2617 1336 2698 lignoex-

237 2717 366 2796 culpto,
383 2721 420 2779 ut
433 2715 539 2790 navis,
550 2734 619 2797 quo
635 2719 769 2779 utuntur
783 2716 882 2779 alveo
895 2717 926 2778 in
937 2714 1126 2781 vindemia:
1149 2717 1237 2782 ficus
1250 2737 1339 2801 quo·

237 2837 304 2899 qne
322 2818 358 2881 in
380 2817 515 2882 comitio
537 2817 726 2898 appellatur
750 2816 865 2881 Navia
883 2817 926 2880 ab
942 2813 1038 2880 Attio
1058 2815 1091 2880 N
1093 2819 1173 2882 avio
1195 2838 1340 2900 angore

239 2919 273 2983 N
276 2939 329 2985 am
357 2938 430 2984 cum
456 2918 662 3001 Tarquinius
692 2917 836 2983 Priscus'
852 2919 1020 2983 institutas
1043 2921 1119 2984 trib.
1139 2941 1162 2984 a
1186 2919 1344 2987 Romulo

237 3029 366 3087 mutare
389 3021 499 3097 vellet,
521 3020 804 3102 deterrereturque
824 3021 868 3084 ab
888 3018 984 3084 Attio
1009 3039 1069 3104 per
1089 3023 1284 3104 angurium,
1309 3029 1348 3087 nt

237 3120 383 3186 eluderet
405 3121 478 3204 ejus
500 3121 719 3204 prudentiam,
734 3121 946 3203 interrogovit
968 3141 1055 3198 eum,
1071 3141 1115 3186 au
1130 3122 1201 3188 fieri
1225 3127 1350 3206 possit

237 3223 284 3298 id,
310 3221 399 3305 quod
429 3222 538 3286 animo
568 3223 802 3304 proposuisset
827 3242 911 3302 suo;
940 3225 996 3286 cui
1021 3225 1102 3288 illo¹
1126 3227 1353 3308 permittente

237 3325 377 3403 augurio
389 3343 466 3386 curn
476 3322 703 3406 respondisset
714 3322 799 3388 effici
811 3343 913 3406 posse
925 3344 935 3404 ;
944 3325 1052 3407 jussit
1062 3325 1143 3390 Rex
1152 3336 1292 3406 cotom,
1310 3349 1355 3394 ac

235 3422 307 3506 [18]
325 3424 523 3488 novaculam
543 3420 683 3508 proferri
701 3444 764 3507 qao
781 3423 922 3506 prolma,
936 3423 1146 3510 interrogatus
1166 3450 1292 3514 augur
1308 3453 1358 3496 an

688 3617 869 3641 ”menone

270 3767 300 3816 ll
316 3761 335 3812 s.
347 3767 479 3840 met-lt
494 3761 584 3813 treas
593 3765 769 3840 opimat-16
785 3765 804 3815 t'.
816 3767 978 3842 linquis-H
995 3767 1014 3822 t.
1021 3773 1224 3832 perram-18
1244 3773 1367 3842 lipia.

235 3831 368 3881 ἐπῆ-19
384 3826 404 3880 t'.
414 3832 551 3881 cnm—20
567 3826 763 3906 firmitate-l
781 3829 800 3880 f.
812 3832 861 3880 rltae.

690 4000 695 4008 ¹
724 4003 834 4056 No'tm

267 4097 413 4165 tumre]
441 4100 512 4151 Qnid
534 4101 557 4151 ri
577 4103 637 4152 rerrri
656 4102 766 4154 cairus
797 4103 1078 4166 rersrrnrertprnran
1093 4105 1224 4167 proptu·
1247 4118 1371 4170 wem,

236 4174 384 4230 scribemus,
395 4177 506 4236 prorerrri
515 4175 634 4226 mut
644 4187 716 4227 certe
725 4177 757 4226 ad
798 4193 862 4236 mnr,
873 4193 930 4244 quar
940 4187 990 4242 ert,
999 4193 1050 4228 rem
1057 4177 1206 4241 sortiunt.
