2934 4864
258 346 344 412 1144
610 359 722 410 suxur
748 361 908 409 rourarr·
925 361 1030 410 resur

261 505 359 570 Serra
375 502 543 584 dicebatur,
561 523 635 588 quaa
651 523 738 570 nuuc
758 503 878 589 Epiros
898 504 1025 572 dicitur.
1073 502 1217 568 Surdure
1231 503 1354 570 iutelli-

256 626 333 690 gere
347 603 510 690 segurjlcat
555 603 687 671 Nemus
701 607 781 672 belh
796 606 912 670 Punici
921 605 1001 670 libro
1079 651 1088 668 .
1177 652 1186 669 .
1259 603 1356 673 Quod

259 708 347 772 bruti
363 728 424 770 uec
439 707 520 770 satis
534 705 660 770 sardare
674 717 797 792 queunt.
840 707 938 772 Sardi
958 708 1109 772 venales
1118 707 1199 771 eiius
1222 706 1293 770 ulio
1309 728 1360 770 rre-

259 811 371 895 quior:
364 827 431 872 .ex
446 809 509 872 boc
524 816 634 872 uatum
646 807 842 892 prouerbium
857 805 995 887 uidetur,
1011 811 1100 893 quod
1111 810 1205 874 ludis
1224 806 1359 893 Cupito·

261 910 341 988 tiaris,
370 909 423 994 qui
449 911 532 974 fiunt
557 930 578 975 a
604 911 756 974 vicinis¹²
775 911 968 994 pretextato
987 912 1099 976 coctio
1125 910 1357 978 Valentium¹³

254 1011 334 1097 fieri
347 1011 431 1091 solet,
447 1013 480 1076 iu
495 1030 562 1096 qna
579 1013 781 1077 novissimus
795 1014 894 1099 quisq.
910 1009 1098 1078 dormimus
1116 1001 1322 1095 producitur
1341 1033 1358 1072 a

255 1135 393 1199 precone
409 1134 513 1180 senex
527 1133 602 1178 cum
626 1123 702 1194 toga
726 1113 1046 1198 [132Jpererexta14
1061 1114 1224 1196 bullaque
1239 1132 1357 1189 auree,

262 1235 330 1300 quo
351 1217 441 1281 cultu
463 1235 557 1298 reges
583 1216 673 1280 soliti
697 1220 774 1279 sunt
798 1215 923 1280 esseE
968 1262 976 1278 .
1021 1262 1029 1277 .
1074 1260 1083 1276 .
1126 1216 1285 1294 comm‚¹⁵
1303 1217 1357 1298 qui

263 1319 361 1383 Sardi
377 1318 610 1401 appellantur:
634 1317 714 1400 quia
728 1316 869 1394 Etrusca
883 1337 961 1400 gens
976 1325 1049 1381 orta
1062 1324 1115 1382 est
1129 1315 1299 1382 Sardibus
1312 1335 1356 1380 ex

263 1417 384 1503 Lydia.
427 1419 617 1502 Tyrrhenus
632 1419 720 1482 euim
735 1418 811 1482 inde
828 1420 995 1502 profectus
1015 1437 1092 1482 cum
1113 1437 1237 1500 magua
1252 1437 1356 1482 mauu

263 1539 385 1598 eorum,
408 1523 585 1603 occupavit
608 1539 682 1584 eum
709 1526 832 1603 partem
857 1519 977 1596 ltaliae,
1004 1539 1082 1602 qaae
1102 1539 1191 1583 nnuc
1215 1529 1358 1584 vocatur

264 1621 406 1686 Etruria.
450 1620 499 1686 At
512 1621 647 1686 Sinnius
663 1621 786 1704 Capito
804 1622 860 1699 ait,
883 1622 938 1706 Ti.
961 1621 1154 1686 Gracchum
1172 1620 1357 1686 Consulem

261 1723 419 1806 collegam
436 1721 477 1785 Ρ.
495 1721 612 1788 Valeri
633 1723 783 1788 Faltouis
805 1723 1001 1802 Sardiniam,
1023 1724 1230 1808 Corsicamq.
1253 1726 1357 1788 sube-

263 1823 362 1907 gisse,
377 1843 439 1890 uec
455 1825 575 1908 praedae
591 1825 770 1909 quicquam
787 1825 889 1902 alind,
905 1845 1004 1909 quam
1021 1827 1187 1909 mancipia
1200 1831 1354 1908 captum,

264 1945 402 2012 quorum
424 1926 590 1992 vilissima
608 1928 786 1993 multitudo
809 1927 919 1992 suerit.
963 1925 1097 1992 Sarcito
1125 1929 1159 1992 iu
1180 1941 1256 1990 ιιι.
1278 1926 1354 1990 Ser.

264 2027 439 2112 Sulpicius
453 2030 500 2094 ait
513 2027 698 2110 siguificare
709 2029 863 2093 damnum
873 2028 1001 2104 solvito,
1015 2035 1186 2111 praestato.
1231 2027 1357 2094 Sarda-

264 2130 409 2214 napalus
423 2149 483 2194 rex
494 2129 707 2214 Assyriorum
721 2131 785 2196 snit
801 2132 907 2196 uuicae
921 2129 1078 2207 luxuriae,
1090 2132 1172 2196 inter
1184 2131 1354 2207 mulieres,

265 2233 416 2316 epulasq.
444 2241 596 2298 versatus
626 2251 763 2316 semper,
793 2241 862 2316 atq.
892 2233 982 2298 omui
1011 2238 1175 2316 tempore.
1219 2231 1353 2313 Sargus,

266 2335 370 2419 piscis
384 2331 497 2417 genno,
510 2335 616 2417 quiin
631 2333 787 2416 AEgyptio
799 2333 961 2398 maritare
974 2334 1135 2398 nascitur.
1180 2333 1354 2398 Lucilius:

267 2435 374 2514 Quem
405 2435 585 2520 praeclarus
613 2435 741 2518 helops,
767 2455 865 2518 quem
890 2435 1036 2518 AEgypto
1061 2454 1181 2518 sargus
1211 2437 1355 2500 merebit

267 2535 423 2602 Saturnia
439 2535 552 2614 ltalia,
568 2543 601 2600 et
613 2555 720 2614 mona,
736 2537 793 2622 qui
817 2557 903 2614 nnuc
926 2545 979 2601 est
993 2537 1219 2620 Capitolinus,
1244 2537 1356 2603 Satur-

267 2639 344 2702 nius
360 2636 604 2720 appellabatur,
628 2637 718 2719 quod
744 2639 779 2702 iu
802 2639 908 2702 tutela
921 2640 1055 2703 Saturni
1071 2659 1149 2704 esse
1163 2641 1359 2704 existiman-

268 2743 329 2802 tur.
373 2737 521 2802 Saturnii
535 2756 636 2821 quoq.
650 2737 858 2818 dicabantur,
883 2741 940 2823 qui
963 2749 1112 2805 castrum
1134 2743 1170 2807 iu
1184 2741 1256 2806 imo
1270 2743 1357 2806 clivo

268 2837 459 2924 Capitolino
482 2840 682 2914 incolebant,
706 2841 762 2906 ubi
786 2860 844 2906 ara
861 2840 974 2906 dicata
992 2842 1023 2904 ei
1042 2841 1118 2906 Deo
1138 2849 1218 2908 aute
1237 2842 1361 2907 bellum

268 2941 449 3025 'l'rojunuru
466 2941 605 3019 ridetur,
629 2942 709 3022 quia
724 2941 812 3025 apud
828 2961 902 3006 eam
919 2943 1113 3028 supplicant
1125 2944 1254 3026 apertis
1265 2946 1363 3027 eapi-

268 3044 376 3108 ribus:
394 3063 469 3107 nam
485 3042 597 3109 Italici
614 3051 752 3108 auctore
772 3043 880 3109 AEuea
897 3045 1011 3110 velant
1024 3044 1114 3126 [133]
1127 3045 1256 3129 capitu,
1271 3046 1365 3130 quod

267 3147 308 3222 is,
324 3165 400 3212 cum
415 3165 480 3210 rem
495 3145 638 3210 divinam
654 3147 774 3211 iaceret
787 3147 819 3210 in
834 3147 946 3212 littore
967 3149 1142 3212 Laurentis
1160 3149 1233 3229 agri
1249 3146 1364 3214 Vene-

268 3247 296 3312 ri
316 3247 425 3322 matri,
439 3267 479 3311 ue
499 3249 542 3312 ab
559 3247 670 3330 Ulyxe
691 3248 847 3330 cognitus
870 3249 1123 3333 interrumperet
1146 3249 1366 3327 sacrificinm,

269 3355 374 3431 capnt
388 3348 575 3432 adoperuit,
591 3355 657 3434 atq.
680 3349 728 3414 ita
752 3357 966 3436 conspectum
980 3351 1089 3416 bostis
1102 3351 1253 3416 evitavit
1296 3352 1367 3414 Sa·

269 3462 366 3518 turno
382 3453 455 3518 dies
471 3451 577 3517 festus
591 3454 771 3519 celebratur
785 3474 898 3520 meuse
914 3453 1103 3532 Decembri,
1114 3455 1207 3538 quod
1218 3474 1259 3518 eo
1274 3456 1368 3519 mdis

270 3561 321 3620 est
346 3555 520 3620 dedicata:
542 3563 578 3620 et
599 3556 629 3620 is
653 3543 793 3624 culturae
820 3575 971 3638 agromm
1002 3556 1183 3639 praesidere
1216 3556 1372 3635 videtur,

269 3676 337 3739 quo
348 3657 450 3721 etiam
461 3655 487 3695 ¹⁶
502 3656 574 3721 salx
589 3666 643 3722 cst
656 3659 686 3720 ei
708 3657 851 3740 insigne:
867 3675 984 3721 versus
999 3675 1102 3740 quoq.
1118 3657 1371 3740 antiquissimi,

270 3759 394 3844 quibus
418 3759 555 3826 Faunus
578 3761 647 3824 iata
668 3759 830 3824 cecinisse
847 3758 1035 3823 homiuibus
1050 3758 1192 3838 videtur,
1209 3758 1375 3826 Saturnii

718 3986 825 4009 OOOOO
827 3987 902 4008 mu

244 4117 1383 4276 ⁴'‘paeana-ahurvaurm.-1rr.paereaea.--1enem-ree
