2930 4870
575 377 699 428 SRX'N
727 379 879 427 eumeuii
905 376 1008 425 FESTI

250 821 430 900 vocabatur,
446 843 514 907 qna
529 845 675 907 pompam
692 823 864 908 precedens
880 823 1069 901 insolentie,
1085 830 1146 886 aut
1159 818 1344 902 rnnne'crpr'r's,
1456 838 1461 851 ·

252 921 436 988 imitabatur
451 945 545 986 annm
560 923 687 1000 ebriam,
701 926 744 988 ab
767 926 836 1006 agri
860 926 952 1002 vitio,
967 924 1078 987 scilicet
1095 920 1218 1005 petreia
1245 917 1345 1002 appel·
1459 950 1462 963 =

255 1023 332 1090 lato.
378 1023 512 1088 Procilli
526 1025 594 1089 sive
610 1025 765 1108 praecilli.
808 1025 888 1090 cneo
903 1023 984 1090 ‹lirit
1000 1024 1034 1087 in
1142 1069 1150 1084 .
1244 1067 1255 1084 .
1336 1063 1345 1080 ·
1456 1010 1461 1047 ³

253 1125 584 1191 ccrnvennradillnm
660 1171 669 1188 .
758 1169 765 1184 .
855 1172 862 1186 .
952 1171 960 1186 .
1048 1173 1058 1190 .
1142 1172 1151 1189 .
1245 1168 1254 1185 .
1338 1167 1345 1181 ·

249 1226 480 1309 impudentior
561 1269 1253 1290 ........
1276 1235 1347 1287 utar

251 1327 440 1410 legationes
541 1371 1035 1391 ......
1120 1329 1196 1390 test.
1243 1325 1344 1389 Pelli-

249 1429 468 1506 culstionem,¹²
479 1450 539 1512 pro
551 1427 768 1503 inductionem,
781 1448 799 1488 a
808 1425 1009 1510 pelliciendo,
1020 1426 1111 1511 quod
1123 1436 1174 1492 est
1185 1427 1347 1492 inducen-

251 1527 302 1607 do,
316 1529 395 1593 dizit
413 1529 493 1594 Cato
508 1530 541 1593 in
556 1551 591 1592 ea
607 1530 764 1606 oratione,
780 1549 880 1611 quam
903 1528 1039 1611 scripsit
1053 1529 1094 1592 de
1141 1574 1150 1591 .
1243 1574 1253 1590 .
1338 1573 1347 1588 .

309 1677 316 1692 .
360 1676 370 1692 .
413 1653 440 1707 r,
455 1630 517 1693 loco
534 1651 563 1707 Β,
579 1632 667 1697 Cato
688 1650 780 1713 saepe
801 1631 893 1707 dicit,
908 1638 944 1695 ul
961 1628 1091 1706 Contra,
1107 1652 1131 1708 s,
1154 1627 1346 1704 roboretum

251 1729 394 1806 croceos,
408 1731 497 1816 lopo,
513 1751 541 1808 r,
556 1733 714 1796 dicebaut
729 1730 852 1814 antiqui
902 1779 911 1795 .
980 1777 988 1796 .
1077 1777 1085 1792 .
1173 1777 1181 1792 .
1272 1749 1345 1813 pro-

249 1833 340 1916 perie
354 1833 437 1896 mari
452 1851 539 1915 opus
555 1841 618 1896 est.
663 1830 864 1896 Pramiosam
883 1851 943 1914 pro
958 1830 1154 1914 pecuniosam
1168 1831 1249 1893 dixit
1267 1830 1347 1892 Calo

250 1933 286 1997 io
300 1934 462 2011 oratione,
477 1953 577 2016 quoru
594 1932 722 2015 scripsit
803 1975 1197 1996 .....
1288 1932 1347 1994 im·

251 2035 444 2118 pudentiam
461 2037 675 2118 praemissam.
706 2031 873 2095 Pascales⁰
887 2051 954 2096 ones
964 2030 1200 2116 proposcerales,
1217 2031 1349 2095 inscieu·

252 2138 301 2196 ter
315 2133 402 2198 dixit
416 2137 450 2198 iu
465 2157 505 2200 es
518 2157 610 2222 qnam
621 2134 741 2216 scripsit
788 2176 1180 2199 .....
1270 2155 1347 2218 pes-

254 2237 338 2299 calis
354 2239 428 2300 ovis
445 2239 558 2302 vetuit.
595 2235 700 2300 Idem:
718 2235 861 2320 pellitam
876 2256 960 2300 onon
979 2233 1180 2300 Tarentinam
1196 2237 1350 2320 appellat

254 2336 288 2398 iu
303 2355 342 2400 ea
358 2337 510 2415 oratione,
533 2359 625 2422 qnam
647 2336 766 2421 scripsit
853 2384 862 2402 .
951 2385 959 2402 .
1048 2384 1056 2398 .
1145 2382 1154 2399 .
1241 2339 1347 2420 prelio

254 2433 390 2500 Tarenti
405 2437 492 2520 plus.
536 2439 575 2503 C.
590 2440 732 2503 sestertiis
744 2438 885 2522 pellitam
901 2459 995 2516 ouem,
1010 2459 1106 2524 quoru
1122 2440 1261 2519 ignaro⁹
1282 2437 1350 2501 Ta-

254 2536 384 2600 rentino
413 2539 503 2621 quod
532 2552 718 2624 pasceretur,
752 2540 950 2604 Tarentinam
978 2539 1093 2602 dicunt.
1138 2539 1351 2603 Periculotus

256 2655 342 2711 sam,
358 2636 446 2700 Cato
463 2642 511 2702 oit
525 2642 556 2702 iu
579 2640 650 2722 [52]
666 2661 706 2706 es
723 2645 882 2718 oratioue,
898 2661 998 2725 quam
1017 2641 1154 2724 scripsit
1177 2642 1221 2704 ad
1243 2641 1313 2703 litis
1327 2648 1353 2678 ¹⁰

258 2736 447 2802 Censorias.
503 2740 601 2806 Persi
629 2763 693 2807 non
726 2744 874 2827 peperci,
904 2743 950 2806 oit
966 2742 1056 2807 Cato
1078 2743 1112 2805 iu
1132 2743 1249 2805 eadem
1274 2759 1353 2805 orn·

257 2838 361 2902 tione.
405 2841 486 2904 Scio
508 2841 655 2907 fortunas
678 2845 842 2908 secundas
865 2843 1102 2926 neglegentiam
1121 2843 1280 2926 prendere
1296 2863 1354 2907 so·

255 2939 344 3004 lere:
377 2941 466 3024 quod
489 2943 538 3008 uti
563 2945 765 3026 prohibitum
793 2947 885 3023 irem,
901 2945 992 3028 quod
1015 2945 1049 3008 iu
1070 2965 1124 3008 me
1145 2952 1249 3022 esset,
1272 2963 1353 3008 meo

287 3187 304 3232 l)
320 3183 341 3236 f.
350 3185 376 3233 in
388 3190 521 3247 agro—1⁰
537 3185 643 3238 [nolas.

746 3320 853 3371 NOTAE

289 3431 301 3456 ¹
319 3423 530 3493 Pellimlatimem]
542 3431 630 3482 Velius
643 3433 744 3496 Longus
756 3433 782 3483 ia
823 3432 896 3497 tiqui.
911 3431 1016 3482 nana·
1026 3439 1053 3482 et
1066 3433 1158 3482 Furios.
1192 3433 1259 3484 Vide
1271 3449 1364 3500 supra

254 3496 321 3546 libro
342 3500 376 3548 de
396 3501 595 3568 Orthogrnplris.
631 3507 687 3556 Nec
705 3509 782 3558 aliter
822 3507 848 3557 in
865 3507 1027 3558 ‘Arboseru’

257 3573 327 3636 apud
345 3576 469 3626 Lucilium
491 3582 598 3644 legitur,
615 3584 639 3631 in
661 3583 781 3648 preposi-
854 3583 1004 3646 ⁰Parcales]
1015 3584 1045 3633 ln
1058 3585 1200 3649 exemplari
1212 3593 1267 3635 ent
1279 3589 1365 3650 prius
1460 3576 1461 3633 l

256 3649 326 3698 tione
340 3653 506 3715 perlicieudo,
518 3657 586 3719 qrrod
598 3666 650 3720 est,
660 3659 782 3708 inducen-
823 3661 966 3710 Tarentino:
984 3661 1079 3710 deiude
1091 3662 1116 3710 iu
1135 3663 1215 3710 litura
1226 3664 1366 3725 seriptum

257 3721 299 3778 do,
326 3726 453 3785 geminate
479 3729 498 3788 1,
522 3731 644 3792 pellicere
672 3733 780 3795 melent,
820 3734 871 3786 fuit
886 3736 1026 3786 Terentino.-
1043 3736 1282 3800 uecdnbinmqnin
1294 3740 1368 3788 Fes-

256 3813 332 3862 qurum
350 3801 497 3861 perlicere:
515 3811 540 3850 et
563 3805 630 3866 apud
646 3806 779 3866 Virgilium
821 3811 841 3859 ti
860 3810 938 3859 serbe
949 3810 981 3859 ed
993 3811 1163 3860 Terentinum
1176 3827 1254 3874 pecus
1272 3817 1369 3876 perri-

255 3887 306 3921 non
324 3875 399 3922 aliter
418 3875 532 3938 legimus,
550 3879 662 3929 Pellaeis
673 3881 779 3946 Ulyseir.
820 3895 909 3941 uenat,
936 3885 1004 3949 qrrod
1034 3888 1129 3950 pascali
1151 3889 1310 3950 opponitur,
1337 3901 1371 3940 et

254 3949 473 4014 Qutelequnntur
490 3954 696 4016 eliopertineut:
713 3959 779 4006 ‹lesi-
822 3967 920 4010 tectum
949 3963 1028 4010 elisar
1057 3971 1175 4012 nocetur.
1208 3964 1374 4016 Columella
1459 3940 1460 4014 l

192 4025 195 4038 ¹
253 4019 376 4071 dmantur
398 4033 483 4073 autera
512 4028 591 4076 serbe
613 4029 727 4091 entonis,
753 4033 779 4081 in
821 4034 864 4083 lib.
895 4049 946 4087 vu.
973 4049 1031 4100 erp.
1060 4039 1085 4089 l.
1111 4037 1172 4086 side
1201 4039 1228 4087 ia
1253 4037 1372 4091 ‘Solon

252 4095 344 4156 quibus
356 4113 414 4147 osus
425 4107 481 4149 ersl
492 4115 514 4162 r,
526 4102 583 4152 loeo
593 4117 615 4164 r,
627 4113 655 4152 ot
672 4105 781 4156 Valerios
820 4109 897 4158 lanei

247 4173 278 4220 ¹ot
291 4167 379 4219 Furios
395 4171 516 4224 dixerunt
521 4175 647 4240 juniores,
659 4193 723 4243 quos
733 4194 777 4230 eu·

1429 4628 1455 4818 l
