2930 4870
214 367 301 434 1022
548 384 595 433 nn
620 383 723 432 rrsrr
750 383 989 432 nnneurntro.

214 525 309 584 Abeo
324 534 421 584 autem
436 525 636 603 separavimus
656 523 781 582 schedas
803 523 880 595 illas,
895 543 970 602 quas
983 543 1001 582 a
1016 524 1146 584 Marullo
1165 525 1295 585 habuisse

214 621 320 680 dieitur
334 619 515 698 Pomponius
530 620 638 690 Loetus,
653 619 733 696 quod
752 637 853 678 earum
873 619 1065 700 archetypum
1080 621 1232 700 exemplar
1245 641 1296 680 non

213 725 303 786 extet,
328 725 358 772 et
372 733 440 793 pars
464 715 556 774 altera
570 715 754 794 paginarum,
769 735 836 793 quae
854 715 977 792 margini
997 717 1155 794 proximior
1176 719 1214 775 ab
1237 719 1297 796 igne

213 809 347 868 mutilata
360 807 425 882 iuit,
440 810 575 888 neglecta
589 811 626 869 ab
640 810 684 881 iis,
699 809 749 888 qui
764 819 835 869 tnnc
860 811 1056 888 fragmentum
1072 810 1297 890 deseripaemnt,

212 904 241 964 in
265 905 423 986 presentia
447 905 637 966 desideretur.
679 907 761 974 Quas
785 915 883 966 autem
907 924 962 966 nos
984 905 1141 979 edidimus,
1154 919 1225 966 sunt
1244 909 1296 967 iliae

214 1000 332 1081 quidem
349 1021 366 1062 e
386 999 548 1061 doctissimi
568 1002 620 1060 riri
642 1003 794 1080 exscripto
815 1000 1018 1082 chirographo,
1040 1003 1103 1062 aliia
1123 1003 1297 1064 editionibus
1361 1075 1364 1082 Ι

212 1117 271 1156 non
285 1097 373 1157 modo
387 1097 612 1168 emendatiores,
630 1115 731 1155 verum
752 1096 840 1155 etiarn
859 1096 972 1176 aliquot
994 1098 1068 1158 locis
1081 1099 1247 1158 auctiores:
1268 1110 1295 1159 ut

214 1195 239 1252 si
253 1203 432 1272 quaproter
446 1193 511 1253 boeo
525 1193 555 1252 iu
570 1190 696 1270 vulgatis
717 1193 788 1264 sint,
809 1211 845 1252 ea
864 1193 953 1272 piane
974 1213 1033 1253 non
1054 1213 1118 1254 ease
1140 1195 1221 1254 Festi
1240 1216 1294 1254 cre·

214 1289 344 1348 dendum
359 1291 406 1362 sit,
421 1289 501 1350 sede
516 1288 600 1348 Pauli
615 1289 745 1366 epitoma
760 1299 811 1347 aut
823 1289 943 1349 aliunde
956 1291 1058 1368 petita.
1094 1289 1150 1348 His
1164 1292 1293 1349 omnibus

214 1385 315 1444 ultimo
337 1384 404 1444 ioco
426 1383 592 1444 addidimus
617 1385 772 1463 perbreves
795 1384 937 1462 quasdam
962 1395 1048 1444 notas
1071 1403 1173 1444 earum
1188 1397 1292 1445 tantun

213 1500 318 1552 rerum,
333 1479 485 1558 quaerisne
499 1489 570 1540 sunt
584 1481 621 1539 ab
637 1480 702 1538 aliis
716 1481 939 1559 praetermissae:
961 1499 1030 1538 nam
1043 1500 1110 1559 quae
1124 1500 1162 1540 ex
1176 1482 1293 1560 epitoma

213 1575 299 1634 Pauli
323 1586 375 1633 aut
401 1574 523 1633 aliorum
546 1575 760 1636 commentariis
782 1576 920 1655 suppleta
940 1585 1019 1646 sunt,
1041 1575 1112 1652 quia
1131 1575 1163 1633 in
1187 1588 1291 1654 promtu

212 1671 357 1742 omnibus,
371 1670 419 1730 hic
439 1680 551 1742 notare,
565 1672 622 1730 nisi
637 1673 661 1731 si
677 1691 736 1751 qua
752 1671 985 1751 imprudentibus
1006 1672 1091 1732 nobis
1113 1670 1291 1752 irrepserunt,

213 1784 461 1848 supervacaneum
476 1765 627 1829 duximus.
