2934 4864
523 390 796 442 raloururuu.
1066 417 1074 434 .
1122 379 1208 446 1163

120 551 173 598 um
193 533 223 598 si
245 552 282 598 se
304 531 564 616 appellavisset:
587 532 629 598 Iu
651 529 814 599 'coloniam
829 533 1048 599 mehercules
1063 535 1206 602 scribere

120 635 228 711 nolim,
251 637 280 699 si
302 637 398 700 trium
415 634 544 699 virum⁸
567 635 642 710 sim,
666 635 883 717 spatiatorem
903 642 972 718 atq.
994 635 1206 700 fescennium.

120 735 234 800 Steta⁰
248 737 414 800 sacrificia
428 744 521 812 suut,
536 755 611 819 qum
626 736 726 800 certia
741 735 828 799 dieb.
844 736 914 800 fieri
930 737 1064 813 debent,
1074 735 1158 800 Cato
1173 738 1209 800 in

123 857 177 915 ea,
190 855 287 920 quam
303 837 440 902 scribsit
455 837 496 900 de
519 836 561 901 1..
577 836 729 914 Veturio,
744 837 786 900 de
807 837 996 902 sacrificio⁹
1017 838 1210 915 commisso,

119 957 194 1003 oum
219 940 251 1002 ei
275 957 396 1022 equum
419 937 560 1002 ademit:
593 936 695 1016 Quod
718 943 766 1014 tu,
782 938 872 1020 quod
895 938 929 1000 in
950 946 984 1000 te
1005 937 1079 1009 fuit,
1101 954 1208 1014 sacra,

118 1043 205 1102 stata
226 1039 400 1116 solemnia,
423 1039 535 1121 capite
558 1045 676 1101 sancta
699 1037 883 1100 deseruisti.
927 1036 1094 1102 Solemnia
1116 1055 1211 1101 sacra

118 1140 284 1217 dicuntur,
298 1158 376 1221 qaae
391 1142 492 1204 certis
507 1139 683 1222 temporib.
706 1140 837 1221 auoisq.
857 1139 928 1202 fieri
950 1137 1069 1202 solent.
1112 1135 1210 1202 Serra

117 1241 264 1322 proeliari
286 1241 416 1318 dicitur,
440 1261 517 1305 cum
544 1241 677 1305 assidue
702 1241 883 1316 acceditur,
908 1238 1106 1320 recediturq.
1132 1257 1210 1322 neq.

116 1340 188 1413 ¹ullo
204 1344 399 1406 consistitur
413 1348 571 1424 tempere.
613 1342 697 1406 Cato
713 1341 755 1407 de
771 1360 805 1405 rc
820 1341 972 1406 militari:
994 1339 1074 1403 Siue
1086 1347 1112 1376 ¹⁰
1126 1337 1209 1404 forle

114 1440 208 1524 'opus
224 1443 267 1506 sit
282 1461 399 1518 cuneo,
412 1447 470 1507 aut
485 1442 599 1524 globo,
611 1449 672 1505 aut
684 1440 823 1524 forcipe,
839 1447 896 1504 aut
908 1440 1023 1505 turrib.
1038 1445 1095 1504 aut
1108 1457 1209 1510 serra.

116 1545 171 1606 uti
186 1543 346 1609 adoriare.
379 1544 515 1608 Stercus
526 1562 570 1608 err
582 1543 656 1607 aede
666 1542 782 1608 Vestae
793 1558 888 1606 xvrr.
903 1541 969 1606 lral.
981 1540 1053 1606 Jul.
1067 1540 1210 1604 defertur

115 1647 154 1710 in
169 1645 373 1726 angiportum
386 1643 533 1709 medium
548 1642 615 1706 fere
631 1643 712 1708 clivi
728 1641 923 1726 Capitolini,
938 1643 997 1725 qui
1009 1642 1103 1706 locus
1118 1641 1211 1704 olau-

115 1745 208 1809 ditnr
232 1753 330 1830 porta
355 1745 571 1811 stercoraria:
593 1749 694 1809 tautae
720 1744 912 1808 sanctitatis
937 1742 1083 1824 majores
1106 1742 1214 1806 nostri

115 1863 197 1911 esse
212 1846 418 1930 judicavere.
461 1846 728 1910 Summlssiorem
755 1845 832 1910 aliis
860 1844 963 1909 aedern
993 1843 1150 1920 Honoris,
1178 1846 1212 1907 et

114 1947 262 2012 Virtutis
288 1947 326 2013 G.
352 1945 483 2010 Marius
508 1946 600 2024 fecit,
628 1966 669 2012 ue
698 1948 728 2012 si
757 1947 840 2012 forte
868 1944 1013 2010 officeret
1047 1943 1211 2026 auspiciis

114 2049 277 2133 publicis,
303 2047 455 2130 Augures
486 2066 560 2112 eam
594 2047 742 2112 demoliri
774 2055 943 2129 cogerent.
997 2045 1068 2108 Sex
1091 2043 1210 2110 Veste:

114 2149 310 2214 sacerdotes
338 2149 529 2214 constitutae
558 2153 644 2225 suut,
676 2152 712 2212 ut
739 2147 887 2231 populus
915 2164 975 2228 pro
1012 2164 1077 2209 sua
1108 2165 1210 2228 quaq.

113 2257 217 2335 parte
239 2252 377 2316 haberet
398 2251 582 2316 ministram
606 2269 789 2326 sacrorum,
811 2250 889 2332 quia
911 2249 1034 2313 civitas
1056 2246 1212 2312 Romana

114 2355 157 2416 in
180 2371 240 2416 sex
263 2358 314 2417 est
336 2352 510 2422 distributa
536 2351 658 2434 partis:
690 2351 726 2415 iu
751 2349 879 2433 primos
908 2347 1108 2430 secundosq.
1151 2347 1212 2412 Ti·

114 2455 258 2532 tienses,
285 2452 443 2530 Ramnes,
465 2453 625 2518 Luceres.
667 2453 820 2517 Saliuum
843 2470 920 2516 caru
946 2450 1016 2514 sale
1039 2450 1072 2514 iu
1095 2469 1212 2515 mensa

114 2575 243 2641 ponere
272 2557 385 2640 figulis
410 2557 559 2638 religioni
594 2556 744 2632 habetur,
769 2554 859 2637 quod
889 2552 1058 2635 quondam
1088 2551 1122 2615 in
1150 2551 1213 2615 Es-

114 2659 249 2745 quilina
269 2659 405 2740 regione
419 2657 532 2739 figulo,
553 2676 628 2721 curn
649 2657 767 2720 fornax
792 2654 893 2738 plena
918 2672 1072 2719 vasorum
1089 2671 1213 2736 coque·

111 2766 222 2838 retur,
245 2767 312 2844 atq.
337 2759 394 2824 ille
418 2759 569 2844 proxime
600 2777 675 2822 earu
707 2757 920 2832 convivatus,
944 2773 1045 2837 super
1077 2753 1212 2818 ruodum

112 2870 235 2947 potus,
244 2879 360 2926 somno
372 2865 651 2943 eseetoppressus
667 2877 745 2923 cum
759 2855 910 2921 convivis
924 2857 1008 2930 sois,
1023 2855 1212 2937 praeteriens

113 2960 259 3048 quidam
282 2962 449 3044 petulans,
467 2959 556 3024 ostio
575 2965 709 3041 patente
723 2975 767 3021 ex
781 2975 898 3020 measa
912 2955 1054 3018 salinum
1069 2954 1214 3038 conjecit

112 3067 155 3128 in
171 3063 356 3128 fornacem:
378 3067 448 3143 atq.
469 3061 528 3136 ita,
548 3058 703 3123 incendio
725 3057 888 3133 excitato,
910 3055 1032 3138 figulus
1047 3075 1122 3119 cum
1138 3057 1212 3119 suis

112 3171 356 3230 concrematus
370 3166 433 3225 est.
476 3159 738 3236 Sacramentum,
749 3178 798 3223 aes
812 3154 988 3239 significat,
998 3155 1087 3240 quod
1101 3174 1213 3239 poenee

110 3265 259 3330 nomiae
273 3263 435 3348 penditur,
451 3261 524 3325 sive
539 3279 581 3324 eo
597 3260 674 3344 quis
688 3259 912 3340 interrogatur,
934 3255 1027 3342 [153]
1048 3256 1119 3320 sive
1134 3275 1213 3319 cou-

109 3363 287 3433 tenditur:
306 3363 342 3428 id
366 3363 401 3427 iu
423 3362 501 3426 aliis
525 3361 593 3424 reb.
609 3360 849 3444 quinquaginta
866 3358 991 3422 assium
1007 3365 1072 3434 est,
1086 3359 1121 3420 iu
1135 3356 1213 3421 aliis

108 3469 196 3535 reb.
212 3466 463 3550 quingentorum
477 3463 562 3527 inter
581 3480 653 3539 eos,
669 3461 726 3544 qui
745 3460 875 3545 judicio
893 3459 976 3524 iuter
989 3477 1027 3524 se
1041 3456 1215 3523 contende·

153 3753 174 3798 8
190 3745 212 3797 f.
224 3744 402 3796 Mancia-9
416 3741 436 3794 f.
447 3743 648 3806 maritagio-lt)
665 3740 685 3793 f.
695 3741 761 3792 Siue.

619 3887 726 3954 nora

103 4002 144 4046 et
178 3988 340 4040 fescennium
362 3986 456 4037 roret!
502 3985 553 4035 llio
581 3985 651 4034 iocur
691 3978 1122 4044 hebetutlrirFertrrr.rorrr'fleio:
1138 3993 1216 4040 rupra

104 4067 194 4134 apud
213 4064 373 4115 Macroblum
392 4064 469 4113 aliter
484 4063 590 4125 legitur,
606 4060 651 4110 red
693 4067 778 4108 temen
802 4057 827 4106 ia
850 4052 978 4104 Pralrilere
998 4053 1110 4109 Curatio.
1134 4055 1215 4118 errip-

104 4155 261 4209 corrupte.
692 4141 746 4183 :nm
761 4142 810 4196 ert,
824 4129 962 4193 maritagio:
979 4137 1006 4180 et
1017 4130 1055 4178 ita
1067 4129 1092 4178 iu
1104 4129 1216 4193 epitoma

150 4231 168 4257 ⁰
186 4221 270 4286 Statu]
288 4218 404 4284 Agelliur
420 4217 465 4267 lib.
478 4229 530 4266 vrr.
546 4229 602 4280 cap.
612 4218 654 4266 ll.
694 4209 779 4261 Pauli.
