2934 4864
291 373 376 438 1092
623 385 736 436 suxur
761 386 913 436 rouunu
939 387 1043 436 rusur

290 535 477 615 quartarius
505 535 624 616 cippos
650 531 802 612 colligere
832 551 955 596 omnes.
999 529 1173 608 Quatenus
1200 531 1360 613 significat,

289 651 357 714 qua
381 632 458 712 fine,
485 642 523 698 ut
543 633 715 708 hactenus,
737 631 799 695 hac
822 631 898 696 fine.
943 631 990 696 nt
1010 633 1177 714 quatinus,
1198 635 1359 717 quonian:

289 732 348 796 sed
364 734 492 818 antiqui
508 742 673 818 quatenoc
683 737 707 771 ¹⁵
728 732 892 808 dicebant,
918 739 957 796 ut
970 731 1041 814 [69]
1056 732 1173 815 Scipio
1194 732 1362 798 Africanus

289 833 324 896 in
339 853 379 900 ea
395 836 555 912 oratione,
571 853 670 917 quam
685 833 820 915 scripsit
833 840 1013 916 postquam
1027 852 1071 895 ex
1086 833 1200 898 Africa
1214 835 1314 899 rediit
1325 837 1363 900 uti

288 936 459 1016 negotium
474 941 583 999 natum
599 941 681 1011 erat,
703 940 867 1018 quatenoc
878 931 904 972 ¹⁶
921 941 1032 998 castra
1052 941 1166 998 nostra
1187 936 1237 998 ita
1251 939 1363 1000 mnnita

288 1044 390 1113 eraut,
405 1042 441 1099 ut
461 1055 577 1119 posses
596 1042 721 1118 partem
741 1035 908 1098 exercitus
934 1035 1110 1103 abducere.
1153 1037 1301 1116 Quande
1313 1058 1361 1121 pro

288 1155 387 1220 quam
417 1155 495 1200 usos
520 1156 594 1201 esse
624 1135 791 1216 antiquos,
821 1153 896 1199 cum
917 1135 1010 1200 multi
1037 1143 1164 1200 veteres
1185 1138 1362 1202 testimonio

288 1244 490 1314 suut,tamen
501 1238 598 1321 hujus
608 1245 633 1286 ¹⁷
647 1238 680 1300 in
695 1236 819 1320 primo:
841 1235 987 1319 Jupiter,
1002 1243 1039 1299 ut
1049 1237 1256 1300 murot'retus
1268 1239 1364 1320 magis

287 1339 547 1422 quandemanus
559 1341 648 1421 impe
659 1337 684 1377 ¹⁸
730 1384 740 1403 .
784 1385 792 1402 .
837 1336 1363 1416 secundotQuandetuosonues

284 1441 442 1522 legiones,
465 1438 710 1523 depopulatis:
735 1444 768 1501 et
784 1439 980 1504 Lucretius:
1003 1441 1122 1505 Clarus
1136 1442 1177 1503 ob
1191 1441 1364 1504 obscuram

285 1541 429 1623 linguam
456 1541 564 1623 magis
596 1540 681 1604 inter
711 1542 848 1604 inanes:
878 1540 1009 1623 quande
1037 1543 1146 1623 grauis
1183 1543 1364 1622 tergaios,¹⁹

286 1644 343 1726 qui
359 1661 435 1706 uera
448 1643 627 1725 requirunt.
673 1643 784 1722 Quam
805 1661 897 1719 mox,
913 1643 1080 1723 significat
1094 1645 1295 1727 quamcito:
1309 1641 1363 1706 sed

284 1743 314 1806 si
330 1743 403 1825 peri
414 1762 451 1806 sa
470 1762 577 1825 ponas
593 1763 685 1820 mox,
703 1741 901 1824 significabit
923 1743 1037 1825 paullo
1053 1752 1142 1826 post,
1159 1743 1208 1808 vel
1230 1751 1359 1826 postea.

285 1843 441 1924 Quatcre,
467 1864 679 1927 suspensum,
702 1850 736 1908 et
750 1844 893 1908 uicinum
916 1844 963 1908 rei
986 1844 1129 1926 alicujus
1152 1852 1274 1908 motum
1297 1846 1365 1924 sig-

282 1947 409 2024 nificat,
424 1965 501 2023 non,
517 1953 554 2010 ut
564 1945 704 2010 Verrius
719 1950 826 2027 putat,
840 1943 948 2013 ferire,
966 1964 1040 2008 cum
1055 1944 1090 2008 id
1107 1946 1215 2027 ipsum
1228 1947 1363 2010 verbum

284 2057 460 2114 concutere
471 2067 516 2112 ex
526 2047 777 2131 praepositione,
793 2064 869 2127 quae
882 2053 934 2110 est
945 2065 1019 2124 con,
1034 2052 1069 2109 et
1077 2051 1209 2129 quatere
1221 2049 1268 2111 sit
1277 2066 1365 2112 cnm·
1456 2039 1457 2124 J

282 2151 446 2235 positum:
472 2168 632 2232 quassare
655 2156 766 2211 autem
781 2155 833 2210 est
850 2166 942 2230 saepe
964 2153 1113 2229 quatere.
1157 2146 1365 2231 Querquetu·
1456 2135 1457 2224 i

282 2252 368 2317 lanae
383 2259 420 2316 ut
435 2271 469 2315 re
479 2259 507 2290 ²⁰
522 2257 680 2334 putantur
691 2249 872 2330 significari
883 2250 1035 2333 nymphae
1047 2248 1262 2330 praesidentes
1271 2269 1366 2333 quer-

282 2358 382 2433 queto
413 2353 599 2428 virescenti,
629 2350 720 2434 quod
742 2369 843 2432 genus
865 2350 962 2414 silvae
990 2349 1138 2414 indicant
1160 2349 1265 2414 fuisse
1284 2353 1365 2416 iutra
1456 2349 1457 2404 ἶ

281 2459 420 2533 portam,
438 2472 515 2534 quas
538 2454 581 2516 ab
602 2472 644 2516 eo
664 2451 753 2515 dicta
772 2452 817 2515 sit
830 2450 1121 2534 Querquetularia,
1136 2452 1194 2515 sed
1210 2453 1366 2516 foeminas
1456 2511 1457 2520 ,

280 2553 411 2634 antiqui
426 2572 512 2634 quas
529 2555 656 2616 sciens¹
683 2552 838 2629 dicimus,
856 2554 942 2615 viras
957 2551 1188 2634 appellabant:
1202 2552 1292 2617 unde
1306 2553 1367 2617 ad·
1456 2547 1457 2614 i

278 2651 342 2715 huc
369 2656 558 2735 permanent
586 2651 729 2732 virgines
754 2659 788 2715 et
812 2651 985 2733 viragines.
1030 2650 1122 2729 Ques
1142 2652 1273 2736 antiqui
1291 2655 1369 2717 dix-
1456 2657 1457 2690 ¹

280 2761 387 2830 erunt,
400 2753 475 2818 iude
494 2753 692 2818 declinatum
709 2757 854 2816 remanet
869 2750 981 2816 dativo
997 2771 1091 2829 casu,
1107 2753 1200 2835 quib.
1214 2773 1293 2818 nam
1306 2757 1366 2839 qni
1456 2731 1457 2808 i

281 2853 392 2918 adhuc
407 2856 484 2919 item
499 2855 580 2939 qui²
595 2854 690 2932 facit,
701 2859 738 2918 ut
754 2855 814 2917 isti
828 2854 920 2928 istis,
940 2853 989 2916 illi
1004 2853 1084 2917 illis.
1102 2853 1218 2931 Quiho
1233 2875 1358 2944 cause-
1456 2887 1457 2937 p

279 2957 323 3018 tis
338 2955 417 3020 illuc
429 2957 577 3032 transite,
592 2957 649 3038 qui
666 2955 731 3019 alia
742 2955 864 3032 omnia,
878 2956 909 3019 iu
925 2954 1008 3017 hauc
1025 2962 1177 3038 partem:
1191 2956 1246 3021 his
1258 2958 1372 3022 verbis
1456 2953 1457 2998 t

278 3057 364 3138 parit
392 3054 508 3120 ominis
533 3056 692 3121 videlicet
714 3075 829 3134 causa,
850 3075 893 3120 ne
912 3057 1016 3134 dicat,
1041 3057 1187 3139 quinon
1211 3059 1373 3124 censetis.

279 3156 373 3235 Quot
388 3158 500 3234 servi,⁰
526 3161 577 3220 tot
598 3156 724 3232 hostes,
746 3157 780 3219 in
802 3158 974 3239 prouerbio
996 3163 1060 3234 est,
1083 3157 1126 3222 de
1143 3177 1212 3241 quo
1228 3158 1375 3223 Sinnius

277 3253 401 3340 Capito
418 3258 588 3322 existimat
600 3275 741 3320 errorem
755 3256 913 3320 hominib.
929 3258 1143 3322 intervenisse
1162 3265 1375 3341 praepostere

275 3355 426 3435 plurimis
442 3359 661 3423 enuntiantib.
676 3376 754 3423 vero
769 3357 858 3423 euim
873 3358 1014 3424 similius
1024 3377 1100 3422 esse
1116 3356 1243 3424 dictum
1257 3361 1378 3438 initio,
1456 3389 1457 3452 3

731 3565 908 3588 novumn

308 3716 337 3761 1⁵
355 3711 567 3776 Moeteana-16
582 3712 601 3763 f.
620 3718 803 3776 quatenoc-1⁷
819 3713 900 3764 titum
912 3715 1012 3770 Ennia,
1024 3714 1064 3763 uei
1076 3721 1159 3764 tranet
1172 3715 1343 3766 Licin-la
1360 3716 1385 3768 t.

274 3791 345 3827 mauu
354 3779 392 3827 rui
404 3777 581 3828 [demin-1⁹
597 3777 615 3826 f.
626 3778 690 3827 iuter
700 3779 862 3828 oraim-ao
878 3777 897 3827 f.
907 3779 1021 3829 vua-1
1034 3777 1053 3828 f.
1064 3793 1136 3842 rugus
1146 3785 1246 3862 aea-2
1261 3777 1287 3831 f.
1300 3783 1375 3844 ῃῡ.

762 3972 867 4022 NOTAE

305 4090 317 4113 0
335 4081 490 4144 Quotuni]
519 4082 559 4132 Ad
581 4097 668 4132 uocem
690 4099 747 4148 quse
769 4085 795 4133 tn
835 4083 907 4133 ciunt
918 4097 976 4147 qua
987 4082 1079 4134 scribit
1094 4083 1276 4136 Macron-tib.
1291 4101 1319 4139 ι.
1342 4089 1393 4138 Se-

273 4151 418 4214 trugmeuto
426 4164 466 4205 est
478 4190 485 4205 .
495 4189 502 4206 .
512 4191 519 4207 .
528 4189 536 4208 .
544 4157 664 4222 urfica.
673 4193 680 4208 .
690 4192 698 4209 .
707 4193 714 4208 .
724 4192 731 4208 .
741 4157 793 4208 Ja·
835 4166 904 4209 turn.
