2930 4870
494 405 767 455 vnneuuuruu.
1093 391 1176 457 1043

88 549 136 630 egi
152 551 284 631 petias.
329 549 480 614 Numera
503 549 663 613 Senatum
688 548 738 613 ait
754 549 864 632 quivis
879 549 1018 614 Senator
1034 553 1176 628 consuti,

88 669 158 713 oum
174 650 408 734 impedimento
423 651 498 715 vult
512 669 590 714 esse
605 669 673 733 quo
687 652 797 714 miuus
812 652 924 716 iaciat.
948 652 984 714 S.
1000 652 1039 715 C.
1056 658 1174 734 postu·

87 751 193 834 latque
220 759 258 816 ut
273 759 334 818 aut
348 772 415 831 ree,
431 771 509 835 quaa
526 751 734 827 aiiemutur,⁹
749 752 960 831 dividantur3
977 762 1035 817 aut
1052 755 1174 836 singuli

85 855 316 920 consulantur:
343 861 402 919 aut
427 855 457 918 si
485 861 537 918 tot
559 873 626 918 non
648 855 715 917 aiut
741 853 929 932 Senatores,
952 873 1021 936 quo
1042 873 1176 920 uumaro

86 955 183 1020 liceat
204 957 417 1039 praescribi¹⁰
441 956 476 1020 S.
503 954 541 1020 0.
570 955 686 1038 Nupta
706 956 808 1019 verba
823 955 1020 1020 dicebantur
1033 957 1076 1019 ab
1092 957 1176 1020 anti-

87 1059 172 1139 quis,
194 1076 270 1140 quae
292 1057 452 1140 virginem
473 1058 584 1122 dicere
600 1075 663 1119 uon
678 1056 813 1135 licebat,
829 1067 866 1120 ut
882 1057 1022 1123 Plautus
1038 1059 1071 1121 in
1088 1059 1176 1142 Dys-

86 1160 176 1224 colo:
199 1157 305 1242 Virgo
320 1177 413 1238 sum3
427 1158 571 1223 noudum
586 1155 688 1222 didici
700 1163 805 1240 nupta
817 1159 920 1222 verba
934 1158 1053 1224 dicere.
1078 1159 1176 1243 Nup·

86 1262 149 1325 tias
164 1262 271 1328 dictas
287 1279 362 1326 esse
378 1261 426 1325 ait
441 1261 564 1326 Santra
578 1261 622 1324 ab
638 1277 691 1337 eo,
713 1259 804 1342 quod
823 1261 999 1343 nympbaea
1019 1259 1176 1326 dixerunt

85 1362 196 1428 Graeci
210 1362 336 1446 antiqui
350 1361 457 1447 papas,
472 1361 552 1426 iude
567 1380 688 1425 novam
703 1367 841 1444 nuptam
858 1359 919 1424 vias
932 1359 1051 1443 napea.
1095 1362 1176 1428 Cor·

83 1463 224 1538 nilicins,
250 1463 344 1546 quod
369 1481 461 1528 nova
481 1467 634 1545 petantur
658 1462 827 1546 conjugia.
874 1462 1057 1540 Curiafius,
1083 1465 1175 1547 quod

83 1582 169 1628 nova
187 1562 309 1628 ratio¹¹
336 1561 408 1628 fiat.
452 1562 564 1626 AElius
586 1567 620 1626 et
637 1561 786 1639 Cincius,
810 1565 890 1646 quia
904 1563 1057 1628 flammeo
1071 1569 1176 1647 caput

82 1665 236 1729 nubentis
251 1663 462 1741 obvolvatur,
484 1662 577 1747 quod
592 1664 721 1747 antiqui
735 1664 908 1729 obnubere
928 1665 1115 1730 vocariut¹²
1130 1667 1173 1730 ob

81 1785 179 1850 quam
200 1784 337 1831 causam
360 1765 466 1847 legem
489 1783 621 1848 quoque
647 1763 898 1829 Parcustarn¹³¹
920 1765 1039 1850 jubere
1066 1772 1173 1850 caput

82 1866 155 1950 ejus
176 1867 356 1942 obnubere,
378 1867 436 1948 qui
457 1871 627 1949 parentem
648 1867 850 1940 necavisset,
871 1868 961 1950 quod
982 1873 1034 1931 eet
1054 1868 1171 1932 obvol-

81 1987 168 2033 vere.
205 1967 388 2031 Numerius
399 1985 579 2050 pronomen
592 1986 761 2050 nunquam
772 1968 964 2033 antefuisse
979 1969 1013 2031 in
1026 1968 1170 2050 patricia

79 2069 207 2134 tamdia
220 2069 353 2144 dicitur,
363 2069 517 2149 quamvis
528 2073 555 2116 ¹4
571 2067 709 2146 Fabius,
721 2068 779 2150 qui
789 2065 857 2146 [21]
867 2087 953 2132 uuus
964 2074 1045 2150 post
1058 2087 1119 2132 sex
1135 2076 1170 2132 et

79 2175 243 2234 trecentos
264 2169 306 2234 ab
322 2168 471 2234 Etruscis
486 2169 675 2234 interiectos
692 2168 870 2252 superfuit,
885 2169 1030 2235 inductis
1042 2178 1067 2218 ¹⁸
1084 2189 1174 2251 mag·

76 2269 228 2334 uitudine
242 2269 441 2347 divitiarum,
465 2288 606 2334 uxorem
629 2268 725 2333 duxit
741 2269 864 2332 Otacili
880 2269 1121 2348 Maleventani,
1136 2275 1174 2334 ut

77 2378 149 2436 tum
165 2369 371 2448 dicebantur,
386 2371 500 2448 filiam,
522 2390 564 2436 ea
588 2369 792 2447 conditione,
807 2371 917 2454 utqui
932 2371 1061 2453 primus
1076 2375 1175 2434 natus

74 2479 178 2548 esset,
193 2473 385 2554 pronomine
399 2471 455 2536 avi
468 2472 618 2548 materni,
631 2469 812 2534 Numerius
828 2471 1059 2554 appellaretur.
1094 2470 1174 2535 Non

73 2573 232 2636 omuibus
247 2572 396 2636 dormio:
422 2571 636 2656 proverbium
656 2575 767 2634 uatum
783 2589 804 2634 a
820 2571 921 2654 Cipio
937 2571 1093 2655 quodam,
1116 2571 1174 2653 qui

73 2672 309 2738 Purarbeucou
334 2671 446 2736 dictos
467 2678 529 2748 est,
551 2671 641 2754 quod
666 2671 838 2738 simularet
860 2671 1085 2748 dormientem,
1106 2691 1173 2754 quo

72 2773 275 2856 impunitius
290 2783 376 2838 uxor
397 2773 471 2856 ejus
493 2773 735 2838 moecharetur:
757 2771 832 2855 ejus
846 2773 994 2837 meminit
1010 2773 1174 2836 Lucilius.

71 2873 321 2959 Nucupatau*
343 2876 484 2958 pecunia
497 2881 560 2953 est,
577 2879 613 2940 ut
627 2875 675 2939 ait
690 2874 827 2938 Cincius
842 2875 877 2937 in
893 2873 931 2938 L.
950 2891 990 2936 11.
1006 2874 1048 2936 de
1063 2871 1173 2938 officio

61 2975 316 3060 jurisconsulti,
342 2977 515 3055 nomina,¹⁷
539 2981 640 3051 certa,
657 2974 846 3038 nominibus
868 2973 1009 3055 propriis
1032 2989 1174 3054 pronun·

66 3077 180 3146 tiator
207 3097 286 3144 cum
308 3093 432 3142 nexum
454 3077 566 3153 faciet,
587 3074 861 3158 mancipiumque
883 3072 930 3136 uti
952 3073 1067 3154 lingua
1093 3089 1174 3136 nun·

104 3409 124 3454 9
141 3401 383 3462 braimantum-itt
398 3403 418 3452 f.
430 3404 613 3468 perscribi-tt
632 3401 651 3452 ι’.
662 3403 814 3465 partio-tu
831 3398 851 3450 t'.
863 3401 1049 3449 emanat—tt
1066 3396 1085 3448 i.
1093 3397 1175 3458 sarrer-

59 3474 199 3520 em.-·lt
213 3466 232 3518 t'.
242 3485 312 3531 quarn
320 3471 412 3518 ta-lt
429 3467 449 3518 f.
461 3468 645 3518 inductura-id
662 3465 681 3517 i.
694 3467 914 3530 limpore-tt
932 3461 1088 3514 iaculante.

574 3661 682 3714 NO'l'AE

103 3777 111 3810 Ι
132 3774 606 3838 Paresaca]viderurtegenunm,te-
648 3773 752 3824 tudine:
771 3773 812 3822 cui
832 3769 971 3830 contrarie,
995 3765 1174 3816 ‘formonsus'

50 3867 128 3916 gera
139 3851 605 3914 qsuq.snnertum,procorruptover-
647 3847 860 3912 et‘gnefonsuu.'
889 3841 1173 3907 Reliqusitslegenrla,

54 3931 116 3989 bo,
136 3929 283 3988 parenstam·
316 3925 403 3974 Livius
420 3926 464 3974 lib.
478 3941 496 3975 v.
507 3935 514 3954 ⁴
526 3933 607 3990 caput
648 3933 676 3973 ut
688 3924 712 3971 in
724 3938 769 3972 ors
782 3923 882 3986 paginae
894 3919 1036 3967 notavimus
1047 3933 1053 3964 ι
1071 3917 1175 3964 uomina·

49 3999 221 4053 obnubilo?
253 3999 319 4048 Vide
337 4001 363 4048 in
384 3999 471 4052 Parioi
487 4003 606 4054 Quarto·
648 4005 672 4048 tu
685 4000 807 4060 certate
825 4009 876 4043 curu
888 4007 973 4042 uxum
984 3992 1072 4052 saciet,
1087 3993 1174 4039 maara

48 4093 125 4129 tes.
646 4075 734 4136 piumq.
752 4073 790 4122 uti
809 4073 891 4132 lingua
908 4069 1055 4132 nuncuparit,
1079 4069 1114 4118 itn
1133 4068 1177 4128 jus

99 4153 116 4186 ¹
138 4147 284 4215 Nmpntn]
305 4150 348 4199 ltu
361 4150 386 4198 iu
398 4149 549 4211 exemplari,
562 4163 609 4210 prro
649 4155 706 4203 esto,
716 4149 741 4196 id
752 4153 797 4204 ut,
808 4149 843 4196 uti
855 4144 992 4193 nominarit.

45 4233 233 4294 Nmputu,
245 4226 353 4298 antiqua
363 4225 492 4276 scribendi
504 4238 609 4276 consue·
