2934 4864
476 360 749 415 sunouuuuuu.
1079 349 1166 416 1103

87 497 200 586 Scipio.
215 498 426 586 Aphricanns
440 502 542 571 Pauli
563 503 652 568 filius
671 505 792 570 dicitur
807 507 1009 586 enuntiasse,
1023 507 1167 573 ntidem

86 607 176 670 etiam
192 604 370 686 pertisum:
394 603 489 687 cujus
514 624 612 670 mem.
629 605 790 682 Lucilius,
804 628 877 672 curn
900 610 964 674 ait:
987 607 1167 687 Quosece-

86 705 145 770 tior
158 704 301 781 videare,
324 712 358 769 el
376 707 461 772 seire
484 705 664 790 plusquam
684 709 796 786 ceteri,
815 711 973 791 pertisum
993 711 1168 789 hominem,

86 825 146 874 non
168 813 343 889 pertaesum
366 806 476 870 dicere
502 807 632 884 lerum,⁹
660 827 737 872 nam
758 829 876 890 genus.
921 809 1167 876 Redimicolum

85 914 203 976 vocant
230 907 384 972 mulieres
410 909 573 986 catellam,
604 928 671 992 qua
700 910 845 974 maxime
871 917 1006 978 utuntur
1034 919 1169 976 ornatus

86 1027 195 1072 causa.
240 1008 334 1072 Reus
354 1028 439 1078 nunc
463 1010 594 1087 dicitur,
612 1011 670 1094 qul
689 1029 826 1076 causam
844 1011 945 1076 dicit:
961 1019 993 1076 et
1015 1013 1095 1076 item
1111 1015 1168 1096 qui

85 1109 162 1193 quid
178 1109 334 1191 promisit
348 1109 536 1192 sponditve,
553 1131 593 1176 ac
613 1112 733 1178 debet:
747 1118 784 1177 at
799 1111 920 1178 Gallus
933 1113 1044 1176 AElius
1054 1113 1115 1177 lib.
1127 1130 1177 1176 11.·

85 1209 361 1292 significationum
376 1211 558 1288 verborum,
581 1231 658 1294 quae
678 1213 721 1276 nd
735 1214 794 1296 jus
818 1217 970 1296 pertinet,
991 1215 1059 1277 nit:
1076 1213 1168 1278 Reus

83 1317 143 1389 est,
167 1311 226 1394 qui
252 1331 327 1375 cum
353 1311 462 1374 altero
486 1311 576 1378 litem
601 1318 822 1378 contestatam
847 1315 957 1394 habet,
980 1316 1052 1379 sive
1077 1315 1169 1380 his¹⁰

84 1415 156 1494 egit,
171 1414 246 1478 sive
259 1432 334 1477 cum
348 1431 390 1478 eo
405 1419 516 1477 actum
533 1420 595 1477 est.
638 1413 733 1480 Reus
749 1416 939 1498 stipulando
949 1425 1002 1479 est
1011 1416 1101 1481 idem
1110 1417 1169 1498 qui

82 1515 258 1597 stipulator
283 1512 423 1579 dicitur:
453 1514 581 1598 quippe
610 1535 670 1581 suro
692 1517 824 1579 nomine
846 1518 890 1580 ab
915 1516 1020 1581 altero
1045 1518 1170 1601 quibus

79 1615 292 1700 populatns¹¹
309 1621 372 1692 est,
386 1635 451 1678 non
468 1615 521 1680 his
532 1622 557 1652 ¹²
573 1617 631 1697 qui
647 1616 740 1680 alteri
751 1615 1050 1699 adstipulatusest.
1073 1615 1169 1682 Reus

81 1716 301 1800 promittendo
316 1723 379 1792 est,
393 1717 450 1798 qui
466 1735 527 1780 suo
542 1717 675 1780 nomine
692 1717 787 1782 alteri
803 1717 881 1800 quid
898 1719 1062 1801 promisit,
1076 1719 1135 1802 qui
1146 1727 1170 1765 ¹³

78 1837 141 1900 pro
155 1817 259 1882 altero
273 1817 354 1899 quid
372 1815 543 1899 promisit:
568 1823 603 1883 at
616 1815 737 1900 Capito
751 1815 859 1884 Actus
869 1825 896 1866 ¹⁴
914 1821 948 1883 in
963 1820 1080 1884 eedem
1096 1821 1170 1903 qui·

80 1919 157 1984 dem
171 1918 328 2001 opinione
345 1925 415 1984 est:
438 1918 497 1983 sed
523 1907 679 2002 exemplo
702 1918 838 2002 adjuvet
861 1920 1171 2003 interpretationem.

80 2019 115 2084 N
118 2039 199 2085 omn
207 2025 232 2066 ¹¹
256 2019 291 2084 in
305 2018 455 2086 secunda
468 2020 596 2096 tabula,
612 2019 761 2084 secunde
774 2019 858 2100 lege,
872 2021 905 2084 in
926 2039 993 2102 qun
1007 2021 1170 2102 scriptum

77 2129 145 2186 est:
161 2121 249 2203 qnod
265 2120 382 2184 horum
396 2121 461 2185 luit
473 2139 575 2184 unum
586 2118 611 2160 ¹⁶
621 2120 729 2203 judici
745 2121 919 2197 arbitrove,
935 2121 1042 2198 reove,
1057 2140 1099 2184 eo
1116 2121 1171 2186 die

77 2220 241 2286 diffensus
252 2225 275 2270 ¹⁷
297 2229 392 2292 esto:
413 2241 499 2288 nunc
521 2229 628 2304 uterq.
644 2229 793 2285 actorum
808 2223 930 2304 reiquae
944 2221 967 2260 ¹⁸
993 2221 1170 2305 injudicio

75 2343 131 2388 me
142 2331 170 2374 ¹⁹
186 2329 335 2401 vocatur,
350 2323 648 2405 itemq·accusator
658 2321 700 2386 de
716 2323 749 2384 vi
764 2324 925 2387 accitur²¹
941 2343 1028 2386 more
1045 2329 1172 2400 vetere,

74 2430 109 2488 et
135 2425 383 2490 consuetudine
408 2425 557 2507 antique.
601 2423 711 2488 Rivus
733 2423 833 2505 vulgo
855 2423 1042 2507 appellatur
1065 2427 1172 2488 tenuis

74 2524 170 2590 liuor
185 2545 295 2608 mum,
310 2545 374 2589 non
390 2543 450 2607 spe
465 2523 670 2590 consiliove¹
688 2523 811 2601 sactus,
826 2542 940 2588 verum
957 2523 1101 2588 naturali
1110 2542 1174 2588 suo

70 2627 231 2711 impetu:
262 2625 323 2692 sed
343 2625 401 2690 lui²
425 2625 487 2688 rivi
512 2624 675 2703 dicuutur,
699 2625 757 2709 qui
780 2644 880 2689 mann
897 2625 978 2689 sacti
994 2631 1084 2701 suut,
1100 2625 1173 2689 siue

71 2746 185 2810 super
200 2735 320 2790 terram
330 2726 436 2803 fossa,
452 2727 523 2790 sive
538 2733 657 2808 snper³
674 2745 791 2808 specu,
803 2725 902 2806 cujus
914 2725 1067 2789 vocabuli
1081 2726 1175 2806 origo

67 2847 117 2892 ex
134 2827 265 2892 Graeco
277 2825 410 2910 pendet.
455 2827 641 2910 Rependa4
654 2827 806 2892 locantur
822 2825 1007 2908 Pompiua⁵
1026 2826 1097 2907 [82]
1112 2825 1174 2890 flu-

66 2929 184 3004 mina,
201 2927 235 2990 id
247 2937 301 3005 err,
318 2927 506 3012 purgando:
532 2937 604 2990 retu
624 2927 703 2990 enim
718 2933 867 2988 vocentur
880 2923 1013 2999 arbores,
1028 2945 1094 3007 quc
1118 2934 1174 2988 nal

64 3049 108 3095 ex
125 3027 213 3112 ripis
217 3028 387 3110 flaccinum
402 3029 544 3107 eminent,
553 3037 608 3092 aut
622 3027 655 3090 in
665 3026 759 3090 alveis
774 3034 890 3090 extant.
934 3023 1029 3088 Ritus
1043 3033 1088 3086 est
1101 3045 1175 3103 mos,

63 3128 123 3194 vel
137 3127 342 3194 conrroetudo.
387 3126 579 3196 Riteautcm
594 3126 671 3194 bene
685 3148 723 3193 ac
737 3136 815 3190 recte
828 3123 979 3212 significat
1067 3170 1076 3188 .
1164 3171 1174 3191 .

283 3275 292 3294 .
382 3231 469 3294 istic.
500 3225 865 3294 PlautusManaclmis:
890 3225 980 3290 Certe
991 3225 1052 3290 lraec
1067 3223 1176 3290 mulier

60 3333 251 3400 canterino
263 3332 328 3396 ritu
341 3342 445 3398 aulone
459 3332 589 3396 somniat
689 3376 696 3391 .

39 3635 155 3722 facit
173 3635 368 3700 mentionem
470 3678 479 3698 .
566 3675 576 3696 .

85 4003 107 4048 e
130 3993 155 4044 r.
185 3991 413 4052 neretum-o
429 3989 615 4052 asma-1⁰
631 3989 754 4054 suf-u
772 3985 793 4036 r.
809 3987 848 4051 qur
864 3986 1062 4050 aspum-m
1077 3980 1095 4031 r.
1113 3982 1178 4032 u.-

42 4068 83 4113 18
106 4059 132 4110 s.
148 4057 308 4122 quine-1⁴
325 4051 343 4103 f.
355 4054 512 4105 Attin-lu
530 4052 699 4104 Mem-lu
715 4050 898 4103 stultiam—ll
912 4047 989 4100 tuter
999 4049 1177 4114 diffusum-ld

36 4127 64 4178 f.
81 4129 190 4183 um,
202 4121 346 4181 roura-lu
363 4115 382 4166 l.
392 4116 529 4169 νει-Μ.
540 4120 569 4167 rle
586 4115 625 4166 cin
636 4119 753 4167 εὔια-1
771 4115 877 4180 fispecrr,
888 4115 1052 4165 turturea-²
1069 4109 1088 4162 t'.
1099 4111 1179 4160 il.-u

35 4193 61 4244 f,
76 4187 257 4240 nubem-⁴
273 4179 470 4235 lucrm-s
488 4181 657 4246 dPourpliar.
