2920 4848
239 354 304 420 dud
585 367 699 418 suxnr
725 366 880 418 seusun
905 367 1010 418 rnsnr

282 514 464 599 Oriffl'num.
486 513 575 579 libro
598 513 716 580 tertio:
746 519 881 596 equos²
906 512 1106 598 respondit:
1133 529 1231 578 urens
1253 507 1339 577 mini

143 625 149 637 “
281 617 370 696 inde,
385 616 448 682 tibi
467 615 555 700 supe
582 613 762 698 flagellum.
805 613 937 699 Goelius
959 633 1022 700 pru
1050 633 1087 680 se
1110 613 1202 698 apud
1226 631 1340 698 pupu-

279 721 351 786 lum
368 739 377 780 :
403 735 579 804 equusque
594 717 676 784 mihi
691 719 756 782 sub
775 717 1120 802 foeminibusgoucisus
1135 722 1218 797 erut,
1235 734 1338 782 ursus

253 855 259 864 ·
283 821 419 888 detraho
434 825 640 906 inspectante
654 820 763 886 Lucio
778 819 950 886 Stertinio.
1007 841 1011 848 ·

240 923 340 990 Oreae
354 924 450 1002 freni,
465 923 555 1008 quud
570 923 834 1000 uriiuseruntur,
848 921 942 988 dicti.
1197 918 1339 1004 [Puun.

241 1025 350 1090 Oreus
369 1023 472 1089 Liber
491 1029 599 1110 puter,
622 1028 657 1089 et
679 1022 853 1090 Oreudesl
876 1023 1037 1110 nymphus
1052 1021 1261 1089 umentibus
1275 1039 1340 1106 np-

326 1123 460 1192 llantur.
826 1169 829 1176 ,

240 1145 348 1294 ogis
363 1225 464 1294 Liber
477 1231 623 1311 pulenet
637 1226 785 1296 Oreades
798 1231 955 1320 nymphus
967 1229 1192 1313 appellantur,
1205 1225 1340 1308 [Fnsn.

282 1330 374 1416 quod
388 1331 423 1394 in
436 1331 606 1397 montibus
618 1331 804 1416 frequenter
817 1340 991 1421 apparunt

240 1431 462 1513 (initiasset,
477 1434 531 1499 vul
547 1453 694 1518 surgere.
1198 1428 1340 1516 [Pluta-

240 1532 415 1616 Originum
428 1536 534 1600 libros
545 1535 636 1620 quud
650 1537 822 1622 inscripsit
833 1537 936 1621 Cutn3
950 1557 1016 1604 nun
1028 1534 1112 1603 setis
1124 1534 1196 1620 ple-
1210 1531 1340 1619 [Fnsr.

281 1652 363 1701 num
383 1635 517 1701 titulum
537 1639 705 1723 propositi
727 1641 782 1704 sui
802 1640 933 1705 videtur
961 1640 1166 1724 amplexus:
1202 1633 1341 1723 qunndo

251 1755 257 1766 ·
280 1745 493 1823 praegravant
514 1757 568 1819 eu,
589 1759 665 1826 qnoe
694 1748 769 1808 sunt
795 1761 907 1808 rerum
933 1748 1097 1826 gesturum
1120 1739 1239 1826 pupuli
1264 1737 1341 1805 Ro-

240 2144 387 2212 Onustus
410 2147 544 2228 dicitur,
568 2147 733 2216 ethonis
758 2148 888 2214 artibus
918 2149 1111 2226 instructus,
1139 2151 1174 2211 et
1194 2145 1341 2210 bonores

281 2247 425 2333 adeptus
441 2269 463 2315 u
476 2250 616 2334 populo,
630 2255 664 2316 et
677 2249 762 2315 bens
777 2257 891 2335 uptus,
904 2255 944 2314 ut
957 2249 1064 2327 miles,
1083 2255 1142 2314 sut
1155 2245 1341 2331 gladiatur,

281 2353 315 2412 et
342 2354 478 2415 neturus
501 2349 655 2416 subulas:
677 2355 780 2436 etque
800 2353 899 2418 etiam
922 2359 1059 2417 ornatus
1081 2350 1204 2415 dicitur
1225 2347 1340 2414 cultus

280 2449 355 2533 ipse
370 2469 436 2533 quo
449 2450 529 2534 quis
553 2458 699 2530 uruntur,
721 2439 761 2518 ut
784 2472 861 2519 cum
876 2452 1019 2519 dicimus
1034 2453 1181 2536 aliquem
1195 2449 1341 2536 tragico,

279 2549 614 2619 relnumieoumstu
634 2553 775 2638 prodire.
1113 2634 1116 2640 ,

238 2649 387 2718 Ornatus
402 2651 535 2734 dieitur,
550 2660 584 2721 et
604 2657 704 2722 benis
718 2658 846 2722 artibus
860 2654 1053 2737 instructus,
1067 2661 1101 2721 et
1112 2653 1171 2720 hu·
1197 2653 1339 2738 [Pnun.

279 2773 381 2820 nores
395 2754 552 2839 adeptus.
595 2755 864 2843 Appellaturque
879 2763 1028 2837 ornatus,
1041 2758 1152 2840 cultus
1166 2757 1254 2842 ipse,
1265 2773 1336 2840 qun

280 2857 358 2941 quis
374 2863 517 2922 ornatur.

237 2949 390 3044 Ortygia,
403 2957 510 3025 Delus
524 2959 647 3028 insule.

701 3138 882 3162 nucumve

245 3317 248 3326 .
266 3289 284 3336 2
300 3284 348 3336 Vir
359 3285 430 3339 doct.
441 3287 468 3338 in
479 3301 561 3356 murg.
574 3289 690 3356 ejusdem
704 3290 748 3344 ed.
759 3291 829 3356 conj.
840 3305 921 3357 equus.

733 3499 841 3555 Nom

233 3623 454 3692 Bessum,
469 3633 510 3694 ise.
527 3636 568 3682 eut
581 3631 649 3682 enim
660 3631 764 3682 notissi-
803 3629 876 3696 plura
887 3629 1042 3682 uolubimnr.
1078 3627 1111 3680 ln
1122 3625 1224 3680 schedis
1238 3626 1338 3692 legitur

232 3712 290 3749 mus
309 3702 444 3766 apologus.
464 3704 508 3770 qul
527 3712 569 3755 est
586 3705 655 3770 spud
679 3705 765 3755 llore-
803 3705 893 3768 etium,
917 3703 1087 3757 ‘omnisne
1108 3703 1228 3772 uymplm
1239 3703 1338 3756 montl-

233 3773 311 3826 tiunr:
330 3777 547 3844 ‘cervuseqnum
559 3773 765 3845 pugnnmelior!
803 3779 996 3832 unueultrlees.¹
1022 3781 1091 3834 Vide
1103 3779 1337 3846 Ηοιγοὴῧορεπι-

232 3849 264 3901 ln
280 3853 428 3905 testimonio
450 3855 526 3907 Coelii
547 3857 606 3922 lege
622 3855 762 3921 musard.
803 3855 866 3907 dius.
882 3858 959 3908 Idm.

231 3927 302 3981 Due.
835 3929 1337 3996 ¹¹0.....]Hacrulhllgnuturunt=

243 4003 359 4056 'vorm
367 4010 390 4056 et
399 4005 626 4072 Oreuderl'opmr,
635 4003 763 4072 'oprrddsn
802 4021 853 4058 neu
863 4021 921 4058 esre
933 4015 1021 4059 tumen
1032 4008 1108 4072 hujus
1121 4009 1172 4058 loni
1189 4015 1248 4058 tutu
1264 4006 1337 4059 udin-

232 4076 279 4128 dri
287 4080 332 4130 rei
342 4079 432 4146 ὅμως,ι
442 4097 458 4132 s
467 4083 574 4136 muule'
589 4082 656 4135 luds
667 4083 762 4134 Horat.
802 4097 874 4135 mure
886 4098 963 4148 pesse
974 4083 1074 4146 videor,
1082 4083 1149 4133 stud
1159 4081 1336 4148 ingerentum

231 4151 285 4205 Od.
300 4160 340 4208 19.
351 4158 396 4208 lib.
407 4171 440 4208 u.
455 4159 607 4210 ‘Bacchum
617 4158 644 4210 in
656 4159 763 4209 remotis
801 4158 866 4210 iliud
883 4161 1024 4224 pertinere,
1039 4158 1107 4224 quud
1118 4165 1176 4225 pust
1189 4159 1254 4210 Ores
1264 4161 1336 4226 posi·

230 4231 345 4283 ennius
353 4232 694 4300 rupibusVidldueentem.'
710 4233 763 4285 Ubi
804 4242 859 4286 tum
869 4244 918 4294 ert.
930 4235 1169 4288 ..numiam
1185 4233 1269 4286 luen.
