2986 4846
268 345 317 392 ua
340 342 547 392 vuruuuuu
570 343 880 394 stuarrteurrouu
906 345 974 394 uta.
1001 346 1084 395 xrv.
1167 332 1233 400 tau

184 485 320 550 coloniis
341 493 401 550 aut
414 485 609 569 municipiis
622 486 817 552 imitabatur
830 507 930 554 auum
949 489 1085 567 ebriam,
1102 491 1145 555 ab
1158 494 1231 574 a‘gri

186 587 275 664 vitiu,
289 587 422 652 seilicet
433 589 547 671 petris,
562 589 745 671 appellata.

145 688 272 753 Petreio
285 688 468 765 vocabatur,
482 709 548 774 quq
558 709 703 772 pompam
719 689 901 774 precedens,
917 698 974 755 aut
988 691 1022 754 ia
1033 713 1081 756 ce·
1106 691 1233 772 [Frsr.

185 788 281 868 leniit,
306 800 363 853 uui
391 789 575 874 municipiis,
604 789 787 854 imitabatur
817 813 911 856 auum
937 791 1064 872 ebrium,
1094 792 1133 856 ub
1162 795 1232 878 agri

184 891 275 968 vitio,
289 889 405 955 seilicet
414 891 526 974 petris,
540 889 707 974 appellata.

145 989 273 1054 Preciili
285 990 355 1057 rive
370 993 539 1075 praueiliim
561 991 644 1056 Cute
664 991 745 1056 dixit
766 994 812 1059 in.
873 1043 881 1060 .
969 1043 978 1059 .
1067 1042 1074 1058 .
1161 1017 1230 1060 con·

183 1094 345 1158 vertarad
358 1093 450 1158 illem
455 1137 1232 1163 .........

459 1244 467 1259 .
555 1194 786 1277 impudentior.

459 1341 467 1355 .
554 1304 629 1360 ntur
643 1295 827 1376 legationes
829 1339 1230 1364 .....

362 1442 371 1459 .
459 1404 537 1465 test.

144 1499 294 1564 Petruma
307 1499 415 1562 amuis
424 1507 438 1533 ¹²
450 1507 504 1563 est
517 1501 550 1563 in
564 1498 711 1563 Tiberim
724 1497 897 1580 profluens
908 1503 932 1548 ¹⁷
945 1519 1046 1584 quam
1060 1501 1233 1584 magistra-

181 1610 235 1666 tus
257 1602 437 1684 auspicato
462 1605 637 1674 transeunt,
652 1618 730 1663 eum
751 1600 787 1662 in
811 1618 931 1683 campo
954 1601 1034 1684 quid
1056 1621 1151 1686 egere
1174 1621 1232 1667 vo·

180 1703 262 1780 lunt,
278 1702 368 1786 quod
382 1721 486 1783 genus
501 1700 645 1784 auspicii
665 1719 818 1782 peremne
843 1708 1003 1766 vocatur:
1024 1721 1151 1767 amnem
1175 1721 1232 1768 eu·

184 1811 247 1868 tem
256 1803 427 1870 ioemiuiue
444 1802 572 1885 antiqui
585 1801 810 1865 enuntiabant.

145 1903 310 1982 Petronia,
324 1923 444 1968 nomen
455 1903 563 1967 amnis
578 1905 611 1966 iu
624 1901 772 1965 Tiberim
784 1901 970 1967 defluentis.
1095 1905 1232 1988 [Ptuu.

145 2001 340 2082 Ροιιοιιιε,18
355 1989 550 2087 apetranim
566 2004 745 2085 asperitate
759 2007 793 2066 et
804 2003 923 2067 duritia
937 2004 1029 2068 dieti.

146 2103 352 2170 Petroues¹⁹⁰
374 2107 492 2172 rustici
513 2105 580 2170 fere
601 2105 754 2169 dicuntur
777 2110 913 2187 propter
935 2111 1084 2171 vetusta·
1106 2105 1230 2190 [Pasa.

184 2213 258 2284 tem,
270 2214 304 2271 et
318 2207 408 2290 qued
424 2206 599 2270 deterrima
614 2221 757 2288 querque
779 2223 821 2268 ac
843 2209 1036 2288 praeruptus.
1126 2254 1134 2271 .
1222 2255 1230 2272 .

177 2307 245 2390 jam
259 2309 329 2390 agri
340 2314 446 2392 petrae
462 2314 634 2383 vocantur,
648 2312 685 2370 ut
700 2306 833 2388 rupices
848 2307 949 2370 iidem
963 2328 982 2368 u
995 2306 1117 2391 rupicis.

144 2406 360 2485 Petulantes,¹³
381 2415 416 2474 et
442 2409 565 2491 petulci
592 2409 692 2472 etiam
721 2407 945 2489 appellantur,
981 2409 1038 2492 qui
1075 2415 1232 2491 protervo

608 2601 773 2626 nouumo

174 2714 201 2760 17
220 2711 284 2760 Vei.
297 2709 562 2776 commatre-18
579 2711 640 2761 Vet.
653 2711 697 2760 tib.
711 2711 843 2760 Petrenesi.
874 2709 923 2759 Ed.
936 2710 1003 2760 scat.
1018 2709 1131 2758 Petrum
1141 2708 1235 2758 rustici.

143 2773 491 2888 ἦὲῗῖιίᾶἷῧιῂξιωὲθῑᾱι
505 2774 607 2840 quidem
623 2789 681 2825 etse
702 2773 773 2824 Festi
792 2774 875 2838 iuquit
885 2775 951 2825 Scei.
963 2774 1071 2843 sedluou
1083 2789 1114 2823 ex
1127 2782 1178 2822 ret.
1191 2772 1235 2822 libr

636 2997 743 3050 ΝΟΜ

171 3135 189 3160 ·
203 3129 306 3177 Ριιιίὶῑι·
318 3130 367 3177 tiae
382 3127 494 3193 proerilii]
510 3129 577 3180 iisse
594 3143 666 3194 saga·
706 3137 735 3179 et
744 3141 856 3177 uarruaea
867 3141 882 3176 a
895 3127 985 3187 ratris,
995 3126 1038 3189 qui
1049 3123 1155 3187 ttipitet
1165 3132 1234 3182 suut,

140 3199 219 3252 cirre·
236 3204 408 3254 excitabunt:
424 3207 518 3268 prodiit
535 3208 588 3255 aire
606 3221 668 3268 proe·
707 3218 757 3254 aen
769 3204 859 3265 dotati,
871 3201 983 3266 proedurl
998 3215 1028 3251 ιι
1041 3201 1144 3250 euodes.
1160 3203 1234 3252 Idm·

139 3277 186 3324 titii
204 3277 293 3328 ieraau
315 3279 438 3328 utebatur
456 3281 522 3330 Catu
539 3295 586 3344 pro
600 3295 667 3345 prte-
739 3287 751 3321 Ρ
769 3277 918 3342 Petulantes]
936 3278 985 3326 ΙΙΙι
1003 3276 1091 3336 rerba,
1107 3282 1131 3325 et
1149 3277 1234 3325 Cerni·

141 3353 245 3414 merem,
257 3351 314 3402 aive
326 3355 482 3415 promoveri.
498 3353 571 3404 Iden.
705 3371 777 3418 gerat
787 3361 872 3405 nerent
882 3361 970 3406 metm
980 3353 1082 3416 unere
1091 3352 1187 3416 petulci,
1197 3347 1235 3400 it'a

171 3435 183 3459 ²
198 3429 315 3477 Petronia
331 3428 420 3490 armis]
434 3429 500 3478 Vide
512 3431 519 3457 ⁸
532 3429 668 3488 cstiious,'
707 3431 844 3481 scribenda
854 3441 924 3494 tunt,
935 3439 964 3480 ut
977 3437 1036 3494 poet
1053 3431 1095 3491 Et,
1108 3427 1235 3491 relinqua·

140 3503 267 3552 ‘bienniis
279 3501 354 3560 ient?
366 3505 651 3568 et‘peramue.’1dem.
708 3515 750 3557 tur
761 3507 872 3569 spatium
891 3515 978 3570 eptem
996 3506 1055 3556 huie
1072 3504 1168 3554 nemini
1185 3499 1235 3552 Ita·

168 3577 325 3641 ‘Petrened
341 3578 537 3642 Suppteiuira:
555 3581 668 3630 Deterri·
707 3583 809 3634 cretius:
843 3582 935 3632 deinde
963 3594 1066 3631 tarmen
1095 3575 1235 3640 scribatur,

138 3669 175 3703 ιιι
184 3667 281 3718 quaque
291 3669 320 3703 ae
334 3660 456 3718 prerupta
472 3655 547 3705 etiart
561 3657 617 3718 egri
628 3671 667 3720 pe·
708 3659 775 3721 qued
792 3657 871 3709 etiam
890 3657 1001 3706 refertur
1020 3671 1034 3705 ι
1055 3655 1174 3705 Maerub.
1188 3653 1235 3702 lib.

139 3736 181 3778 trae
200 3735 326 3786 mm,
342 3736 369 3779 at
386 3731 480 3794 rupim
495 3731 668 3796 iiiemunpis
707 3747 746 3782 vt.
769 3734 873 3784 saturn.
885 3747 916 3781 ex
930 3735 1033 3783 Lucret.
1045 3732 1091 3782 lib.
1102 3743 1133 3780 ιι.
1158 3729 1234 3779 Aira-

138 3807 376 3857 dtuitirdiaetimt.
413 3807 622 3872 Raeticiiuqnit,
640 3815 668 3858 et
707 3811 742 3859 nii
760 3825 861 3874 quoque
880 3806 1234 3858 videturesseiutiuemeu·

137 3888 243 3943 petrem
263 3883 299 3932 ab
319 3883 461 3946 asperitate
482 3892 621 3946 petrarum,
640 3892 668 3934 et
707 3885 806 3935 dotum.
823 3887 882 3934 Aet.
894 3885 960 3946 Aug.

138 3959 226 4020 repieta
244 3973 261 4007 a
280 3971 354 4022 rupe.
386 3957 494 4007 Tertntt.
511 3958 607 4024 ‘Apud
627 3973 668 4009 ru·
741 3959 890 4020 Petulantes]
912 3959 983 4021 Lego
1005 3957 1032 4005 in
1055 3955 1116 4018 fine,
1136 3954 1235 4018 prditus

138 4035 220 4096 picem
244 4043 273 4084 et
294 4033 447 4092 silvicolam,
458 4043 486 4085 et
497 4044 668 4086 monstrorum
706 4033 862 4084 erueberit.
896 4033 962 4082 Nam
977 4033 1069 4081 tibure
1081 4039 1172 4080 neutra
1184 4033 1235 4096 sig-

137 4113 297 4162 eruditatem
308 4123 420 4174 scrupea
433 4111 519 4162 scitula
535 4111 669 4162 eruditae!
708 4108 865 4168 attritione,
875 4119 967 4156 nevum
979 4121 1028 4156 nou
1039 4114 1089 4166 eet,
1100 4107 1146 4157 ted
1155 4107 1235 4160 Vete-

140 4187 173 4239 at
183 4203 235 4240 uou
248 4187 329 4238 mium
344 4193 456 4252 petrem
471 4194 498 4238 et
510 4189 611 4251 rupicem
623 4185 669 4236 reti
710 4183 781 4235 ribus
792 4181 993 4235 usitatissimum.
1009 4181 1062 4235 Jra.
1075 4181 1137 4235 Stat.
