2912 4858
260 377 345 444 1190
590 391 705 440 snxrr
730 391 880 439 rournu
907 391 1012 438 snsrr

260 536 312 600 sui
327 533 456 598 videtur
470 533 658 615 amplexus,
672 535 803 618 qnando
817 539 1026 617 pregravant
1039 551 1094 614 ca,
1110 550 1191 615 quae
1209 540 1289 596 sunt
1300 551 1339 595 re-

261 653 332 698 rum
349 643 514 716 gestarum
525 635 566 698 P.
576 633 620 698 R.
651 634 752 718 Optio
761 636 817 718 qni
834 653 921 698 nnnc
935 633 1069 710 dicitnr,
1081 643 1185 700 antea
1201 633 1343 716 appella·

260 737 357 800 batur
385 754 566 800 accensus:
588 735 673 800 his¹¹
696 734 824 819 adjutor
845 736 988 800 dabatur
1007 735 1195 798 centurioni
1218 752 1242 798 a
1260 733 1342 796 Trib.

261 835 423 914 Militum,
453 837 508 919 qui
531 855 576 900 ex
598 857 639 902 oc
659 843 818 920 tempore,
840 855 939 919 quem
960 835 1076 912 velint,
1099 835 1344 898 centurionibus

261 939 461 1021 permissum
476 945 530 1002 cst
544 947 680 1020 optaret
703 938 804 1000 etiarn
820 953 938 1001 nomen
960 953 1002 999 ex
1026 935 1119 1000 iacto
1133 935 1276 999 sortitus
1289 941 1344 996 est

262 1038 402 1104 Plautus
416 1038 449 1102 in
464 1038 641 1104 Asinaria:
664 1035 742 1114 Qua
755 1056 820 1113 me,
832 1055 901 1120 qua
914 1054 1065 1112 uxorem,
1080 1055 1149 1118 qua
1165 1042 1202 1098 tu
1218 1053 1344 1098 serrum

263 1139 422 1204 Sauream
438 1145 544 1223 potes,
559 1137 780 1217 circumduce,
795 1137 898 1217 aufer,
914 1137 1070 1220 promitto
1090 1137 1155 1200 tihi
1172 1155 1240 1200 non
1256 1135 1345 1200 oblu-

263 1245 372 1304 turum
400 1239 430 1304 si
457 1237 493 1302 id
522 1235 670 1302 effeceris
697 1238 770 1315 tihi,
797 1239 969 1321 optionem
996 1240 1119 1302 sumito
1151 1237 1345 1300 Leonidam.

262 1338 477 1404 Obsidionem
489 1338 603 1422 potins
616 1338 791 1402 dicendum
804 1358 893 1416 esse,
902 1357 1001 1420 quam
1017 1339 1202 1415 obsidium,
1217 1337 1347 1421 adjurat

263 1459 325 1502 nos
340 1441 526 1506 testimonio
540 1458 602 1504 suo
622 1439 747 1504 Ennius
768 1441 801 1503 in
823 1439 1003 1505 Telamone
1015 1459 1117 1522 qnnnr
1139 1441 1208 1503 ait:
1231 1440 1347 1504 Scihas

262 1546 374 1604 natum
399 1542 576 1622 ingenuum
590 1539 742 1623 Ajacem,
757 1542 811 1606 oni
827 1547 861 1606 tn
877 1541 1086 1605 obsidionem
1107 1559 1226 1623 paras.
1269 1541 1346 1604 Item

263 1641 329 1705 alio
349 1640 443 1706 luco:
466 1641 606 1720 Hector,
620 1641 679 1724 qui
701 1641 791 1705 haud
814 1650 925 1705 cessat
945 1640 1152 1704 obsidionem
1173 1641 1347 1704 obducere.

264 1739 367 1804 Orare
382 1743 537 1824 antiquos
553 1741 681 1806 dixisse
696 1761 757 1824 pro
772 1761 881 1824 agere,
904 1741 1092 1806 testimonio
1104 1747 1193 1818 sunt,
1211 1739 1299 1824 qnod
1314 1747 1347 1804 ct

265 1847 426 1919 oratores,
439 1852 472 1906 et
486 1844 522 1906 hi
538 1843 595 1926 qui
610 1861 697 1907 nunc
713 1843 845 1925 quidem
866 1842 977 1924 legati,
999 1848 1077 1905 tuno
1091 1861 1174 1905 vcro
1192 1851 1347 1916 oratores,
1451 1897 1452 1918 ,

265 1945 323 2025 qui
349 1945 427 2025 reip.
451 1943 626 2010 mandatas
654 1943 758 2028 partis
786 1944 936 2024 agebant.
980 1942 1104 2006 Ennius
1126 1962 1230 2026 quoq.
1252 1961 1347 2025 quom
1451 1931 1452 1984 3

266 2042 352 2108 dixit
379 2045 413 2106 in
440 2044 462 2109 l.
488 2061 512 2108 1.
537 2044 735 2109 Annalium:
758 2043 883 2110 Facere
904 2063 983 2108 roro
1004 2043 1098 2127 [18⁰]
1120 2043 1214 2126 qnod
1245 2051 1349 2108 tecum
1451 2115 1452 2124 χ

266 2145 419 2226 precihus
451 2151 546 2228 pater
576 2154 659 2210 orat.
710 2145 820 2210 Oscos
848 2165 936 2230 quos
961 2144 1111 2210 dicamus
1138 2145 1189 2209 ait
1216 2141 1349 2208 Verrius

267 2243 403 2327 Opscus
425 2253 526 2313 autea
539 2245 664 2310 dictos:
687 2253 770 2310 toste
792 2247 913 2323 Ennio,
929 2266 1026 2330 quom
1044 2245 1155 2310 dicat:
1179 2246 1233 2309 De
1254 2247 1349 2308 muris

266 2365 333 2410 rom
347 2348 432 2428 gerit
444 2346 587 2431 Opscus.
623 2347 741 2412 Adicit
755 2347 866 2426 etiam,
877 2347 967 2432 qnod
978 2353 1130 2430 stuprum
1146 2347 1351 2411 inconcesse

266 2447 415 2511 libidinis
436 2449 582 2513 obscena
601 2449 760 2527 dicantur,
776 2450 819 2512 ab
834 2447 907 2533 ejus
922 2449 1027 2530 gentis
1042 2447 1284 2512 consuetudine
1304 2447 1352 2510 in·

266 2548 385 2612 ducta:
409 2549 500 2631 quod
524 2567 636 2614 verum
661 2569 739 2614 csse
764 2569 829 2614 non
855 2551 937 2614 satis
959 2549 1123 2627 adducor,
1137 2567 1243 2632 quom
1267 2547 1353 2631 apud

268 2647 424 2730 antiquos
445 2667 557 2714 omnes
577 2650 645 2714 sere
667 2651 815 2716 obscena
837 2651 927 2716 dicta
948 2652 1028 2727 sint,
1049 2670 1127 2734 qnae
1140 2650 1224 2714 mali
1240 2650 1354 2714 ominis

266 2747 486 2814 habebantur:
508 2756 545 2814 ut
558 2751 618 2816 illa
631 2750 767 2833 Virgilii
782 2752 968 2816 testimonio
984 2759 1073 2828 sunt,
1087 2757 1125 2815 ut
1147 2750 1357 2834 superiorum

268 2854 436 2914 auctorum
450 2851 608 2934 exempla
621 2852 740 2916 referre
755 2870 823 2915 non
838 2852 883 2916 sit
895 2870 1040 2929 neccsse,
1054 2871 1156 2935 quom
1178 2853 1247 2916 ait:
1271 2851 1358 2916 Har·
1450 2855 1451 2886 ¹

267 2949 367 3032 pyias
395 2951 560 3017 obscenas
588 2951 762 3018 volucres:
792 2958 828 3016 et
855 2951 1082 3035 Obscenamq.
1114 2951 1252 3015 samem.
1307 2951 1360 3016 Ob

268 3053 506 3135 praepositione
520 3054 677 3136 antiquos
693 3071 774 3116 usos
789 3072 862 3118 osse
876 3072 938 3136 pro
953 3052 1009 3128 ad,
1026 3052 1122 3116 testis
1144 3061 1201 3115 est
1222 3053 1361 3126 Eunias,

268 3169 369 3234 quom
392 3152 442 3215 ait
466 3167 595 3216 exitu.
647 3151 772 3216 Omnes
796 3153 915 3230 occisi,
935 3153 1109 3234 obcensiq.
1130 3152 1168 3214 in
1191 3161 1293 3218 nocie
1315 3173 1363 3216 se·

267 3269 366 3317 rena:
388 3251 424 3314 id
444 3258 505 3329 ost,
539 3253 732 3318 accensi2¹⁴
766 3260 802 3316 et
836 3253 871 3316 in
904 3252 1095 3334 Iphigenia:
1133 3253 1364 3318 Acherontem

267 3351 404 3416 adiho¹⁵
428 3353 484 3416 uhi
510 3353 626 3416 mortis
651 3351 796 3417 thesauri
822 3352 1017 3437 adjacent.¹⁶
1059 3352 1224 3436 Ejusdem
1249 3364 1366 3420 antem

267 3453 396 3532 generis
408 3472 483 3518 esse
498 3453 547 3518 ait
560 3454 697 3532 obferre,
711 3455 839 3532 obtulit,
854 3457 1009 3532 obcurrit,
1021 3455 1170 3530 oblatus,
1187 3457 1366 3540 objectus:

267 3551 349 3616 mihi
363 3570 428 3617 non
442 3555 525 3618 satis
539 3555 726 3636 persuadet.
770 3555 960 3634 Ostentum,
974 3575 1043 3640 quo
1063 3575 1153 3619 nunc
1174 3559 1307 3622 utimur
1321 3561 1370 3622 in·

268 3651 393 3716 tordum
409 3653 550 3737 prodigii
564 3656 649 3733 vico,
665 3656 743 3738 quin
758 3656 997 3740 participaliter
1011 3675 1111 3739 quoq.
1134 3655 1206 3719 dici
1228 3658 1370 3721 solitum

268 3754 323 3831 sit,
339 3773 406 3818 non
421 3755 575 3818 dubium:
597 3754 679 3820 iacit
694 3757 793 3820 otiam
815 3755 854 3820 O.
873 3756 1045 3822 Gracchus
1067 3756 1110 3819 de
1132 3757 1276 3838 legibus
1296 3779 1319 3823 a
1336 3781 1372 3821 se.
1448 3809 1449 3812 ,

268 3855 493 3940 promulgatis,
509 3875 609 3939 quom
624 3857 694 3921 ait:
716 3856 818 3935 Quod
833 3877 934 3924 unum
947 3859 1044 3924 nobis
1059 3857 1095 3920 in
1110 3865 1305 3938 ostentum,
1324 3861 1373 3944 ip-

721 4035 781 4059 ml
785 4037 903 4059 neuen

302 4183 331 4226 lt
349 4180 470 4232 tin-lt
488 4184 520 4233 al.
532 4185 692 4236 lucenti-1⁵
709 4188 743 4238 al.
754 4188 895 4239 ebibe-ld
910 4188 943 4238 al.
958 4185 1072 4246 objacent·
