2934 4864
487 396 762 452 nntnnnn‘run.
1080 381 1167 458 1119

100 555 146 621 rii.
188 555 330 640 Regalis
361 562 441 621 exto
461 557 684 640 appellantur,
707 577 783 642 quse
804 561 997 642 potentibus
1019 561 1168 645 inspera-

99 666 157 721 tun
168 655 320 720 honorem
337 657 559 740 pollicentnrt
580 660 721 740 privatis
732 668 767 721 et
779 659 1024 737 humilioribus,
1039 661 1167 726 heredi·

99 766 191 837 tutos;
211 757 282 822 filio
298 759 446 836 familiae,
462 758 730 823 dominationem.
775 759 960 844 Respicere
982 766 1168 825 suismet*

98 859 354 942 transmeando,
390 859 478 923 uude
507 861 584 944 quis
616 879 713 924 nvem
740 861 925 944 prospexit,
950 881 1025 926 cum
1050 861 1166 925 eodem

96 961 259 1024 revertitur.
303 959 510 1044 Religiosum
539 980 580 1025 nc
604 981 734 1027 snorum
757 969 823 1038 est,
838 970 873 1025 ut
898 965 1021 1045 templa
1043 962 1166 1039 omnia,

96 1065 157 1141 utq.
170 1059 268 1138 aedes,
284 1079 360 1144 quoe
377 1063 479 1124 etium
493 1067 634 1126 sacrate
652 1062 827 1126 dicuutur:
851 1061 916 1125 etl⁵
939 1063 1026 1144 quod
1049 1082 1107 1144 per
1131 1081 1168 1128 se

94 1159 265 1239 religiosum
287 1169 353 1237 est,
377 1179 442 1223 non
464 1163 548 1243 utiq.
573 1182 692 1223 sucrum
713 1171 768 1238 cst,
789 1171 825 1224 nt
844 1159 994 1243 sepulcro,
1018 1161 1108 1244 qnod
1128 1179 1168 1226 ea

93 1277 151 1322 non
163 1281 255 1338 noro,
277 1259 329 1322 red
350 1259 493 1346 religiosa
515 1269 599 1324 runt.
642 1261 748 1338 Reus,
764 1277 837 1324 com
852 1280 914 1344 pro
930 1271 1058 1347 utroque
1068 1283 1168 1345 ponn-

94 1368 152 1436 tnr,
165 1370 196 1422 nt
210 1361 256 1423 ait
272 1359 405 1425 Sinnius
427 1364 459 1424 iu
474 1381 515 1425 eo
536 1381 628 1445 quern
644 1359 681 1424 de
701 1381 751 1425 reo
776 1361 924 1440 nucribit,
945 1373 973 1424 ct
998 1385 1065 1425 cnm
1089 1363 1169 1429 dicit

92 1479 211 1542 prose,
240 1471 298 1526 ant
323 1485 390 1524 cnm
420 1473 526 1526 contra
552 1473 581 1525 te
608 1463 675 1548 ugit
693 1461 878 1546 juramento
899 1471 959 1526 tuo
987 1465 1038 1526 uti
1060 1474 1168 1548 potest.

91 1557 191 1622 Roscii
205 1559 295 1647 uulgo
310 1561 460 1646 appollini
475 1563 584 1627 solent
598 1565 632 1626 in
648 1563 729 1625 ornni
743 1573 811 1626 urtc
825 1563 870 1625 ito
881 1561 1073 1648 persentiret
1088 1562 1168 1628 Ros·

88 1661 150 1723 cius
163 1664 332 1728 oomoedus
346 1665 380 1727 in
403 1673 471 1726 orte
492 1685 548 1726 run
568 1661 721 1748 perfectus
735 1661 854 1750 fuerit,
876 1665 925 1726 cui
940 1665 1020 1729 nihil
1036 1665 1169 1731 deesset

88 1760 132 1823 ud
149 1761 373 1850 pefectionem,
389 1765 426 1827 'ut
449 1761 527 1827 libro
544 1781 569 1828 1.
583 1765 624 1828 de
640 1772 768 1830 oratore
781 1765 828 1828 ait
846 1762 963 1829 Cicero.
1010 1763 1169 1829 Rustica³

92 1858 212 1926 Vinalia
225 1883 337 1928 mense
353 1864 511 1944 Augusto,
528 1875 563 1928 ut
578 1865 667 1928 estin
683 1863 796 1936 Fortis,
818 1863 925 1928 Veneri
927 1864 1063 1947 fiebunt,
1079 1867 1169 1949 qnod

86 1963 195 2027 eodem
216 1965 277 2029 illo
304 1965 354 2029 dic
375 1964 446 2028 ndis
468 1963 587 2030 ciDcae
606 1976 778 2029 consecrato
794 1973 858 2042 est,
868 1965 1051 2051 jumentaq.
1066 1976 1095 2030 et
1110 1965 1170 2028 oli·

85 2075 163 2125 tores
183 2063 223 2126 ui
238 2087 327 2149 opere
344 2075 470 2142 cessant,
485 2066 560 2150 quia
574 2085 688 2130 omnes
702 2067 788 2129 horti
805 2066 838 2128 in
853 2065 950 2129 tutela
970 2061 1002 2126 V
998 2066 1094 2128 enoris
1109 2088 1169 2130 csse

84 2163 237 2228 dicuntur.
281 2167 418 2230 Ruucos
434 2167 615 2250 appellatos
630 2187 690 2230 csse
701 2166 747 2229 nit
761 2163 886 2230 Verrius
897 2165 996 2229 rideri
1008 2169 1050 2230 ub
1067 2168 1169 2232 eridi-

86 2273 166 2341 tute,
188 2265 249 2328 ricc
269 2285 289 2330 a
310 2265 509 2330 similitudine
530 2265 663 2352 quadarn
686 2267 847 2350 spicarum
871 2269 1003 2331 aristae:
1025 2268 1060 2330 in
1075 2267 1170 2351 spicis

81 2387 184 2449 namq.
185 2367 277 2448 flacc
278 2365 453 2454 frumenta
464 2388 547 2432 ruva
555 2367 719 2450 appellari
727 2366 803 2430 idem
818 2363 944 2429 Verrius
953 2365 1064 2430 docet.
1081 2365 1170 2431 Rieu

79 2473 134 2529 est
148 2467 355 2530 uestimentum
368 2466 564 2552 quadratum,
575 2467 787 2543 fimbriatum,
802 2485 1004 2550 purpureum,
1019 2487 1079 2551 qno
1096 2465 1170 2529 Flu-

79 2566 264 2650 minicaepro
279 2567 434 2651 palliolo,
445 2569 583 2633 mitrave
603 2567 780 2645 utebantur,
798 2576 831 2630 ut
853 2563 977 2630 Verrius
989 2569 1169 2633 existimat.

77 2667 249 2730 Titinius:
273 2665 353 2730 Rieu
377 2689 413 2731 cc
439 2666 511 2730 hino
535 2668 664 2744 sucida,
682 2669 760 2732 aloa
772 2669 920 2732 vestitus.
963 2668 1035 2731 Alii
1054 2667 1170 2748 dicunt,

68 2765 279 2850 palliumcssc
293 2769 430 2853 triplex,
445 2769 535 2852 qnod
550 2767 722 2833 conficiunt
737 2767 871 2849 virginer
889 2767 1047 2851 ingenuan,
1068 2772 1170 2851 patri-

74 2887 159 2945 mae,
185 2868 348 2946 matrimc,
370 2868 453 2953 quod
480 2866 606 2931 ceruleo
636 2866 733 2930 colore
758 2864 906 2952 infit-tum
929 2868 1058 2931 levetur
1081 2885 1171 2951 equa

70 2987 178 3052 pura.
224 2968 301 3047 Alii,
327 2991 385 3054 qno
414 2965 586 3032 Flaminica
615 2969 719 3053 cingat
740 2967 876 3050 pileum.
932 2965 1071 3049 Respici
1097 2967 1171 3030 avis

67 3069 339 3146 concinebatur,
364 3091 430 3134 cnm
450 3079 577 3154 peracto
599 3068 768 3146 sacrificio,
784 3067 881 3149 quasi
897 3065 971 3130 linis
981 3068 1171 3149 impetratus

66 3179 167 3247 esset,
187 3180 217 3233 ct
231 3171 318 3254 qunti
330 3169 441 3258 forent
456 3172 592 3235 comitia
611 3169 771 3252 perlecta,
787 3169 875 3232 sumi
890 3177 961 3231 tnnc
977 3187 1060 3230 reum
1074 3164 1171 3250 jube·

67 3273 157 3334 bont
175 3273 426 3338 sacerdotessuo
440 3291 540 3348 more,
556 3272 660 3356 aliisq.
666 3269 799 3355 peractis
803 3269 903 3353 juxto
919 3265 1171 3331 consuetudinem

65 3375 164 3452 luci,
181 3376 218 3438 in
233 3394 299 3458 qno
322 3395 419 3442 sacru
441 3375 607 3454 iaciebant,
629 3395 681 3438 reo
706 3393 726 3436 a
748 3369 915 3434 calatorib.
933 3367 1171 3451 ingeniculato,

541 3565 717 3588 ”nummo

104 3653 123 3698 e
145 3648 358 3713 tannen-s
375 3649 440 3702 tn.

577 3775 680 3828 ΝΟΜ

101 3881 115 3915 r
138 3872 260 3935 Rustica]
276 3873 359 3922 Vnrro
376 3873 421 3922 lib.
437 3885 464 3920 r.
482 3870 514 3921 tle
537 3871 611 3934 ling.
649 3871 792 3933 signentur,
804 3879 834 3917 eo
845 3872 899 3916 tntu
910 3869 971 3914 eunt
991 3861 1076 3912 feriati
1098 3861 1172 3911 olito-

55 3951 133 3999 Lat.
146 3951 156 3977 ⁸
173 3949 280 3998 vinclis
292 3949 396 3998 llnstien
407 3948 530 3997 dicuntur
547 3961 572 3995 ι.
585 3947 610 3995 rl.
651 3959 700 3993 rer.
718 3943 815 3991 Plinius
827 3941 872 3991 lib.
882 3951 922 3991 rx.
934 3951 992 4002 erp.
1001 3941 1026 3988 l.
1039 3936 1173 3987 Plutarch.

53 4031 110 4074 12.
133 4025 206 4074 Kal.
219 4025 292 4087 Sept.
303 4023 371 4088 qrrod
384 4033 436 4074 turn
456 4023 552 4072 Veneri
566 4021 610 4070 ‹ie-
651 4018 782 4070 Problem.

49 4103 170 4153 dicatu
182 4101 266 4164 tedes,
277 4111 304 4151 et
320 4099 385 4150 horti
397 4099 452 4163 ejus
467 4098 555 4148 tutela
572 4111 612 4146 nr·
