2934 4864
486 401 761 451 renuununun.
899 401 903 414 ’
1086 389 1172 456 1157

86 547 126 610 de
139 543 356 626 Indigitibus:
379 543 498 610 Sinoni
517 545 640 610 miseros
659 547 772 629 perire,
786 553 822 612 ut
834 549 922 613 bonu
936 548 1086 631 rapiunt3
1110 556 1170 614 aut

85 647 111 710 si
121 644 293 728 superstites
301 655 424 728 petunt,
440 647 473 710 vi
488 665 608 730 seques
623 647 819 729 prodent=¹⁶
840 655 873 714 et
889 649 1026 714 Plautus
1044 646 1168 712 Merca-

85 757 167 810 tore.-
199 743 298 808 Immo
324 747 374 812 sio
401 757 575 830 sequestro
594 748 673 812 mihi
700 748 779 814 datu
802 759 845 813 est
889 791 1167 814 ......

86 846 297 929 Sepulchrum
311 854 375 926 ost,
391 855 425 912 ut
440 849 490 913 uit
503 847 622 913 Gallus
640 849 755 928 AEb'ns,
769 850 802 913 in
821 871 881 935 qno
896 857 1043 914 mortuus
1058 851 1168 934 sepul-

83 955 136 1012 tus
158 955 221 1025 est,
245 947 338 1030 qnod
363 947 489 1032 obliqui
511 948 632 1012 bustum
650 948 875 1034 appellabunt:
898 951 984 1034 hisq.
995 957 1019 998 ¹⁷
1043 952 1167 1034 cippis,

82 1056 137 1112 aut
153 1048 262 1134 eliqua
281 1047 347 1111 ulio
367 1069 413 1125 re,
437 1052 553 1114 mortni
580 1071 686 1115 cansa
704 1051 893 1132 designatus
916 1059 976 1129 est,
997 1053 1080 1115 intra
1093 1072 1168 1135 qnos

80 1151 239 1231 sepultura
254 1157 308 1215 est
321 1149 422 1218 suctu·
467 1149 616 1233 Segnitia
630 1149 754 1228 dicitur,
771 1150 854 1236 qnod
865 1151 928 1215 sine
942 1155 1031 1235 [147]
1044 1151 1167 1216 nitendo

80 1249 153 1333 quid
170 1249 257 1328 utin,
269 1259 326 1314 unt
348 1251 533 1315 honestum·
571 1251 763 1317 Terentius:
788 1250 954 1315 Enimvero
971 1251 1073 1332 Doce,
1089 1251 1170 1316 nibil

80 1350 137 1413 loci
146 1361 191 1414 est
205 1353 371 1433 segnitiae,
387 1371 460 1436 neq.
479 1352 646 1416 socordie.
692 1351 826 1438 Siguese
847 1353 969 1419 dicitur
991 1355 1093 1436 signis
1107 1375 1166 1418 no·

80 1445 155 1530 ture,
165 1451 251 1516 veliet
265 1454 298 1516 in
304 1453 439 1536 pecorib.
442 1454 510 1538 fit:
532 1453 591 1518 sed
606 1456 737 1538 antiqui
752 1475 793 1520 eo
808 1476 869 1538 pro
884 1457 1025 1520 scribere
1038 1453 1166 1518 uteban-

78 1564 140 1632 tur,
163 1553 287 1618 undeet
302 1555 495 1640 subsignare,
515 1565 550 1620 et
571 1557 765 1638 consignare
784 1556 1093 1639 invenitnrpositnm,
1104 1575 1166 1638 pro

75 1655 279 1731 subscribere,
302 1664 336 1723 et
359 1656 570 1723 conscribere.
616 1657 870 1740 Septimontium‘
890 1656 954 1721 dies
982 1657 1165 1740 appellatur

74 1775 189 1823 menso
209 1755 383 1835 Decembri,
398 1758 453 1843 qni
466 1757 580 1823 dicitnr
593 1759 626 1822 in
643 1760 758 1824 Fastis
774 1759 953 1842 Agonalia,
971 1755 1055 1843 quod
1067 1777 1100 1820 eo
1116 1757 1165 1821 die

73 1855 106 1918 in
129 1867 243 1941 septem
267 1860 431 1923 montibus
454 1860 536 1924 fiunt
550 1857 705 1942 saerpieio
728 1856 1163 1940 Panrt0,Vena,Faguu1t,

75 1959 218 2038 Subura,
242 1957 396 2039 Gerrunio,
423 1956 531 2039 Coeiio,
559 1959 651 2044 Opio,
674 1961 806 2044 Cispio.
850 1961 966 2025 Sifns¹¹
981 1967 1164 2043 usurpatum

72 2070 114 2121 est
125 2081 189 2144 pro
210 2061 295 2126 tubis
318 2065 413 2145 ipsis,
435 2063 470 2127 id
491 2063 581 2146 quod
597 2061 708 2127 Graece
722 2062 835 2125 dicitnr
847 2060 930 2138 rino
945 2061 978 2123 in
993 2059 1061 2141 iege
1075 2059 1163 2124 riva·

71 2162 151 2226 licia
175 2163 227 2227 sic
247 2171 311 2242 ost,
334 2185 401 2248 qne
420 2162 486 2226 luto
495 2160 569 2249 fnit
589 2172 720 2250 rogante
741 2164 903 2248 populum
924 2162 993 2226 Ser.
1022 2161 1163 2244 Sulpicio

72 2261 141 2325 Ser.
166 2261 205 2326 F.
235 2260 335 2349 liufo.
396 2261 558 2342 Montani,
603 2265 778 2347 paganive,
823 2262 1004 2348 siphonibus
1049 2283 1163 2347 uquam

69 2362 253 2428 dividunto:
275 2366 381 2431 donec
395 2386 469 2431 cum
484 2367 568 2431 inter
582 2386 619 2430 so
634 2363 813 2439 diviserun-
832 2363 986 2429 Pectoris
998 2373 1011 2400 u
1029 2364 1162 2448 judicu·

67 2465 115 2528 tio
129 2472 218 2530 esto.
261 2467 448 2550 Sipurinm,¹
469 2489 529 2553 quo
552 2467 585 2530 in
605 2467 706 2530 screnis
721 2466 806 2530 mimi
819 2473 960 2543 utuntur,
975 2465 1102 2530 dictum
1116 2465 1164 2530 uit

74 2561 204 2630 Verrius
226 2589 247 2630 u
267 2567 459 2646 veiamento,
483 2569 574 2653 quod
598 2575 735 2633 vocetur
754 2565 834 2630 ulios
852 2565 992 2630 onlenm.
1038 2563 1161 2648 Suppo-

65 2686 137 2730 rnm
152 2667 323 2752 appellant
337 2669 500 2749 dolonem,
515 2667 599 2755 quod
610 2679 652 2734 ert
668 2666 769 2733 oeinrn
784 2668 882 2731 minus
898 2667 932 2730 in
942 2666 1026 2743 nuci,
1040 2676 1074 2728 ut
1084 2686 1161 2730 aca-

65 2769 148 2849 tion,
167 2770 298 2854 mejusr
312 2789 478 2855 supparum
493 2780 595 2834 nutem
609 2769 722 2834 dictum
737 2768 784 2832 uit
797 2767 924 2832 Sinnius
933 2768 1056 2850 Capito
1069 2768 1161 2832 volnt

528 2946 705 2969 emulum

96 3073 130 3118 ro
148 3067 169 3118 r.
188 3070 448 3132 morene-nr
464 3065 538 3130 tuq.

564 3210 671 3265 NOTAE

89 3311 99 3342 ⁸
116 3307 318 3372 Septimium]
330 3307 397 3358 Vide
408 3322 486 3372 enpre
497 3306 596 3356 lu‘Sr·
636 3311 698 3355 tnnc
720 3305 874 3370 quicumque
896 3301 1058 3362 magistrum·
1078 3303 1104 3351 in
1127 3316 1159 3351 oe

54 3383 155 3435 creui'
398 3403 403 3408 ·
637 3381 748 3441 colonie,
759 3377 908 3443 municipio,
920 3375 1082 3442 preelectum,
1094 3376 1160 3442 foro,

88 3469 101 3493 ¹
121 3457 257 3518 Verbum,
273 3458 347 3522 cnjus
364 3463 478 3506 extreme
494 3462 595 3505 tanturn
635 3455 805 3506 conciliabulo
825 3454 885 3518 jure
908 3451 1019 3502 dicundo
1045 3453 1161 3516 preerit,

52 3537 138 3586 litere
151 3536 182 3582 in
201 3531 341 3594 exempleri
354 3532 451 3596 relique
462 3537 511 3592 est,
521 3537 596 3594 pute·
637 3531 690 3595 ejus
701 3531 873 3594 megirtretne,
881 3527 915 3578 ile
925 3542 956 3576 ee
964 3541 992 3576 re
1005 3526 1159 3592 jurisdictio,

50 3627 115 3663 mnne
136 3609 235 3666 foisse,
254 3607 390 3665 Pretorio:
407 3614 507 3657 tentum
527 3608 595 3656 euim
630 3606 753 3670 indicioq.
766 3606 845 3667 detio,
857 3603 971 3654 rddictio
982 3603 1057 3654 esto!

50 3689 139 3753 spatii
154 3686 278 3736 relietum
289 3691 345 3734 est:
363 3684 404 3732 rel
415 3681 435 3732 ei
447 3683 528 3747 mede
541 3684 595 3746 ple·
666 3689 680 3716 ¹
696 3679 828 3744 Siparin]
845 3679 960 3729 Isidorus
975 3679 1160 3741 lib.x1x.crp.

47 3771 108 3830 cet,
131 3763 274 3813 amiens:
302 3767 415 3822 utrumq·
437 3759 463 3808 ln
484 3757 594 3808 veterib.
634 3761 659 3807 1.
687 3757 822 3819 cepitouir
844 3755 998 3806 sententium
1016 3752 1049 3803 de
1070 3755 1158 3818 eiperii

46 3844 145 3904 legum
161 3835 318 3901 fragmentis
330 3835 466 3899 reperitur.
495 3834 595 3898 luinge
634 3839 721 3897 etymo
742 3829 892 3882 confirmeris
912 3832 1022 3892 ridetur,
1043 3845 1100 3880 enm
1121 3833 1158 3880 in·

46 3915 186 3967 Munitis
197 3912 266 3975 epod
278 3911 418 3974 scriptores
429 3909 593 3960 delimititrue
634 3909 705 3973 qnlt:
734 3907 886 3970 ‘siparium
909 3919 988 3970 genoe
1010 3907 1060 3954 reli
1082 3919 1158 3956 nnnrn

43 4007 186 4060 agrorum
198 3991 302 4039 sinent:
316 3989 426 4054 'Deque
437 4002 468 4037 ee
478 4002 506 4038 re
517 4001 592 4037 enre-
634 3984 725 4048 pedem
736 3982 843 4042 hebens,
854 3995 903 4046 qno
915 3981 990 4030 inniti
1002 3983 1106 4046 nerigie
1117 3997 1158 4032 eo·

42 4072 130 4130 toris,
147 4067 198 4132 qui
217 4065 266 4114 hec
283 4065 341 4128 lege
352 4064 412 4128 erit,
424 4064 591 4128 jurisdictio,
633 4061 688 4109 lent
705 4057 730 4105 in
746 4057 917 4119 nerigetioue,
927 4057 1027 4120 quoties
1038 4057 1077 4106 rie
1088 4059 1159 4107 renti

38 4147 320 4211 reciperetomnsqos
335 4138 417 4201 detio,
427 4139 541 4189 eddietio
551 4153 590 4188 ee·
632 4133 783 4198 languescit,
795 4133 864 4197 qnod
875 4145 908 4181 er
919 4133 1082 4198 reparatione
1091 4135 1158 4184 exis·

37 4233 83 4275 to.
123 4223 203 4272 cnm
214 4225 319 4270 curetur
328 4216 377 4268 irre
394 4218 453 4281 tege
470 4229 522 4267 nou
532 4215 591 4272 erit,
632 4207 908 4264 tirnentoomlnstnm.¹
