2930 4870
219 368 305 434 1⁰76
551 379 663 440 suxrr
694 375 848 426 roueuu
876 377 979 426 assur
1062 447 1063 458 ἵ

218 533 283 590 tres
298 523 472 587 nubentem
488 520 675 601 deducunt3
706 541 800 599 unns,
813 520 871 604 qui
884 520 992 584 lacem
1008 517 1144 602 praelert
1158 537 1204 582 ex
1218 517 1312 600 spina

220 627 307 701 alba,
334 626 417 708 quia
442 631 546 689 noctu
575 625 758 701 nubebant;
795 623 870 692 duo,
895 621 956 705 qui
981 629 1096 685 tenent
1124 621 1314 683 nubentem.

219 727 359 791 Pileutis
382 731 416 790 et
438 725 602 807 carpentis
625 745 685 807 per
707 727 820 788 urbem
834 723 912 788 vehi
934 723 1095 787 matronis
1119 739 1317 786 cancamum

219 836 282 903 est,
295 827 384 912 quod
401 847 477 891 cum
493 845 605 891 aurum
620 846 685 890 non
699 825 907 909 reperiretur,
919 844 965 889 ex
978 833 1073 898 voto,
1089 823 1183 906 quod
1195 820 1319 887 Camil·

219 933 273 995 lus
290 939 427 994 voverat
442 928 591 1012 Apollini
608 928 785 1010 Delphico,
797 927 1012 992 contulerunt.
1057 925 1177 988 Prima
1195 931 1253 987 aut
1266 943 1318 986 se-

221 1033 329 1098 cunda
342 1031 424 1095 born
440 1030 566 1093 ducant
579 1037 605 1080 ¹⁹
620 1029 805 1111 sponsalib.
821 1028 940 1094 ominis
955 1033 1120 1103 causant
1134 1028 1316 1110 optimaac

221 1131 465 1198 secundissima
490 1131 657 1194 eveniant.
701 1129 910 1194 Praetextum
927 1136 955 1167 ²⁰
982 1148 1168 1192 sermonem
1184 1127 1317 1210 quidam

220 1237 337 1317 putant
356 1231 436 1308 dici,
451 1230 539 1314 quod
556 1232 762 1313 praetextatis
774 1231 870 1294 nesas
886 1233 933 1294 sit
950 1231 1112 1294 obscoeno
1127 1231 1234 1292 verbo
1253 1230 1316 1292 uti:

222 1334 287 1400 ali¹
311 1332 401 1417 qnod
423 1331 590 1396 nubentib.
605 1330 765 1414 depositis
781 1332 955 1412 praetextis
971 1350 992 1394 a
1007 1329 1222 1394 multitudine
1235 1349 1317 1411 pue-

220 1455 329 1500 rorum
346 1436 508 1499 obseoena
521 1431 715 1497 clamentur.
759 1429 946 1495 Palatualis
957 1431 1096 1494 Flamen
1117 1433 1316 1496 constitutus

222 1543 285 1613 est,
301 1535 391 1620 quod
406 1537 438 1599 in
454 1534 559 1598 tutela
569 1534 644 1615 ejus
655 1533 726 1597 deae
736 1532 907 1598 Palatium
917 1539 977 1597 est
1022 1533 1187 1599 Portenta
1206 1535 1319 1596 existi-

221 1637 491 1718 maroutquidam
502 1635 617 1717 gravia
628 1653 716 1708 esse,
725 1641 858 1699 ostenta
869 1635 979 1699 tons:
994 1635 1052 1699 alii
1063 1643 1222 1718 portenta
1231 1655 1318 1719 quse-

221 1739 298 1802 dam
314 1738 415 1811 bona,
433 1735 726 1818 ostentaqueedam
743 1737 850 1800 tristia
865 1738 1048 1818 appellari:
1064 1743 1234 1820 portenta,
1242 1755 1315 1820 quar

222 1840 301 1922 qnid
318 1857 417 1922 porro
434 1837 613 1902 tondeatur
628 1836 794 1917 indicent;
820 1845 962 1914 ostenta,
984 1855 1062 1921 qum
1086 1837 1316 1904 tautummodo

223 1939 928 2022 ostendantmoustre:praecipiantquoque
940 1941 1099 2004 remedia.
1125 1939 1317 2004 Postularia

223 2041 363 2122 fulgura,
379 2059 455 2122 quas
472 2048 624 2104 votorum
636 2047 696 2103 ut²
713 2041 948 2104 sacrificiorum
963 2047 1111 2124 spretam
1127 2042 1319 2122 religionem

225 2142 439 2206 desideraut³
464 2140 640 2218 Pestifera,
651 2160 729 2223 quae
739 2151 886 2216 mortem,
899 2151 958 2207 ont
969 2144 1109 2207 exilium
1126 2141 1318 2207 ostendunt.

225 2243 438 2312 Peremtalia,
454 2260 530 2324 qum
547 2242 719 2324 superiora
731 2243 870 2323 lblgura,
882 2253 946 2308 ut*
961 2253 1119 2326 portenta
1134 2249 1317 2326 peremunt,

226 2345 258 2407 id
285 2351 349 2418 est,
373 2343 487 2406 olunt-⁵
532 2340 674 2405 Pullusq
704 2341 805 2406 Jovis
832 2343 1009 2408 dicebatur
1029 2342 1074 2422 Q.
1098 2345 1242 2422 Fabius,
1266 2343 1318 2408 cui

226 2443 362 2506 Eburno
378 2461 558 2524 cognomen
575 2447 647 2508 erat
663 2451 803 2526 propter
818 2446 1005 2522 candorem,
1028 2446 1123 2528 quod
1143 2447 1220 2528 ejus
1235 2447 1316 2509 natis

225 2543 439 2608 lnlmiueicta
453 2548 540 2606 erat:
564 2544 694 2625 antiqui
717 2552 827 2608 antem
849 2565 1002 2627 puemm,
1018 2565 1119 2628 quem
1133 2548 1213 2629 quis
1233 2565 1318 2608 aua·

226 2646 295 2720 bat,
310 2645 435 2726 pullum
446 2645 520 2727 ejus
536 2643 706 2708 dicebant.
751 2644 950 2726 Peregrinus
965 2666 1046 2727 ager
1059 2655 1122 2724 est,
1140 2649 1198 2730 qui
1215 2667 1315 2730 neque

226 2745 413 2815 Romanus,
437 2765 547 2827 neque
574 2745 707 2810 hostilis
738 2748 886 2810 habetur.
932 2748 1076 2812 Publica
1104 2769 1218 2828 sacra,
1245 2767 1314 2830 quae

226 2847 362 2931 publico
378 2852 498 2921 sumtu,
509 2866 568 2929 pro
585 2847 713 2929 populo
727 2848 818 2924 liunt,
828 2869 938 2933 quaeq.
948 2869 1008 2933 pro
1022 2851 1201 2927 montibus,
1215 2852 1313 2933 pagis,

227 2950 339 3023 curiis,
355 2949 510 3012 sacellis:
533 2946 601 3012 ad⁶
624 2949 768 3030 privata,
792 2971 868 3032 quae
884 2969 943 3032 pro
958 2952 1100 3033 siugulis
1116 2953 1312 3024 bominibus,

226 3051 372 3126 familiia,
388 3051 538 3132 gentibus
549 3048 643 3112 fiunt.
690 3051 835 3115 Perenne
848 3053 969 3116 dicitur
980 3055 1163 3136 auspicari,
1179 3055 1238 3137 qni
1254 3073 1312 3115 sm·

226 3171 313 3228 nem,
329 3158 388 3214 aut
404 3169 536 3234 aquam,
559 3169 635 3231 quae
661 3169 704 3213 ex
731 3171 827 3215 sacro
850 3153 963 3231 oritur,
991 3157 1171 3238 auspicato
1196 3155 1316 3218 transit.

229 3252 330 3316 Pulsr
353 3251 566 3335 potissimum
595 3251 692 3314 datur
715 3253 817 3334 pullis
846 3255 879 3318 in
901 3257 1074 3340 auspiciis,
1102 3258 1187 3340 quia
1208 3275 1251 3321 ex
1277 3273 1318 3320 ea

685 3429 850 3451 mmm!
855 3433 867 3452 O

163 3581 169 3594 .
261 3549 292 3594 19
308 3542 328 3593 f.
344 3545 498 3594 dicata-20
514 3544 533 3593 f.
550 3551 775 3608 pretextatam-l
794 3547 812 3596 f.
828 3551 930 3598 utta-s
947 3548 965 3600 f.
982 3556 1083 3601 cst-8
1102 3551 1121 3602 t'·
1138 3553 1328 3615 designaut-4

228 3607 247 3656 ἲ.
265 3613 363 3659 out-5
381 3607 400 3656 s.
412 3609 557 3658 tollunt-b
573 3607 636 3658 flet.

721 3741 829 3792 NOTAE

260 3843 272 3877 r
283 3833 379 3897 Pullus]
387 3832 508 3884 Placidus
518 3833 543 3882 in
551 3833 665 3884 Glossis:
675 3835 682 3862 ¹
692 3834 753 3883 Pul·
793 3835 942 3886 deliciarum
954 3837 1057 3888 futmus
1066 3847 1094 3888 st
1104 3842 1247 3902 poculorum
1257 3855 1343 3892 eus-

229 3911 290 3968 lunr,
303 3925 408 3973 prrerum
425 3910 451 3958 in
470 3910 624 3959 sutoribus?
640 3911 707 3958 uude
719 3913 752 3964 Q,
795 3920 844 3973 tor,
861 3922 898 3976 et,
918 3923 947 3964 ut
967 3917 1042 3966 lovis
1056 3915 1160 3966 diestur
1176 3919 1268 3982 pullas,
1304 3923 1347 3972 iu

228 3986 323 4034 Fabius
335 3987 463 4040 Eburuus.
479 3985 564 4050 ‘qrrod
583 3985 686 4036 neribus
705 3985 753 4035 ful·
795 3990 913 4051 portibus
937 3991 1032 4040 Fabius
1051 3993 1172 4042 aduritur
1191 3993 1350 4060 mortibus,

229 4069 335 4121 gunsalus
347 4069 413 4121 erar,
425 4063 508 4124 pullus
519 4061 591 4112 ‚loris
601 4061 685 4111 dictus
695 4063 754 4112 est.⁸
794 4063 994 4128 obsignaturque
1007 4067 1134 4128 posticis!

228 4133 271 4180 sic
291 4135 357 4182 euius
382 4137 431 4198 legi
453 4137 542 4195 delier,
565 4151 610 4199 pro
622 4139 752 4201 figuratus.
825 4147 835 4172 ¹
861 4139 931 4203 Pais]
960 4141 1028 4191 Vide
1056 4141 1125 4192 inlrs
1154 4145 1179 4192 in
1204 4143 1351 4212 ‘Tripu-

231 4203 359 4255 Aruobius
370 4209 412 4256 lib.
425 4223 462 4258 ru.
474 4217 480 4238 ¹
491 4211 633 4260 Catamitus
646 4212 753 4275 rspltur,
793 4213 882 4265 dianu’
