2934 4864
556 351 721 460 scanne.
1094 403 1179 470 1189

96 553 157 617 ulis
181 571 221 616 ac
244 552 380 630 volatu;
408 558 445 615 ut
473 552 584 625 buteo,
613 551 794 635 sanqualis,
815 553 939 635 aquila,
960 557 1178 636 immissulus,

94 653 275 718 vulturius:
297 655 408 736 picam
431 649 510 716 uut⁶
531 652 687 729 Martius,
711 652 948 739 Feroniusque,
968 664 1001 722 et
1021 677 1129 742 parra,
1145 669 1179 725 et

94 757 126 818 in
148 755 330 831 oscinibus,
351 760 385 817 ot
406 753 440 816 in
462 752 599 816 alitibus
620 754 789 818 habentur.
841 753 973 821 Ostium
998 761 1109 824 urbem
1134 761 1178 826 ad

94 857 220 919 exitum
234 855 368 919 Tiberis
390 853 425 916 in
446 872 536 918 mare
555 854 689 919 fluentis
702 851 819 918 Ancus
835 855 977 921 Martius
991 877 1053 922 rsx
1068 861 1179 924 condi·

94 957 192 1032 disse,
213 962 247 1020 et
265 955 434 1019 t'oeminiuo
453 952 643 1036 appellasse
664 956 833 1020 vocabulo
849 955 971 1023 fertur:
993 961 1083 1043 quod
1105 962 1178 1026 sive

94 1058 137 1122 ad
154 1059 277 1130 urbem,
292 1059 362 1120 sive
376 1055 420 1120 ad
436 1057 612 1133 coloniam,
628 1077 704 1140 quoe
720 1065 841 1140 postea
855 1061 988 1125 condita
1001 1069 1065 1139 est,
1081 1061 1179 1126 reser-

95 1164 153 1222 tur.
197 1158 298 1237 Quod
314 1166 466 1222 neutrum
482 1161 682 1242 carteplura
767 1205 776 1223 .
863 1207 872 1224 .
959 1162 1178 1227 ierrinonrle-
1309 1197 1317 1214 ·

92 1261 156 1324 bet.
199 1260 371 1324 Osculana
383 1278 495 1342 pugna
509 1260 544 1322 in
560 1260 746 1342 proverbio,
767 1279 833 1343 qno
850 1261 1095 1344 significabatur
1108 1263 1178 1328 vic-

93 1369 146 1425 tos
161 1363 301 1438 vincera,
314 1361 397 1444 quia
411 1362 445 1424 in
460 1360 577 1426 eadem
592 1370 627 1426 et
642 1361 800 1426 Valerius
822 1364 980 1429 Larium
999 1367 1178 1450 imperator

93 1460 160 1526 Ro.
175 1483 197 1527 a
212 1463 341 1546 Pyrrho
355 1469 427 1526 erat
440 1463 562 1538 victus,
577 1469 611 1527 et
625 1463 715 1526 brevi
731 1464 868 1538 eundern
883 1483 989 1546 regem
1002 1465 1177 1530 devicerat.

92 1561 264 1645 Sulpicius
351 1606 360 1623 .
447 1608 455 1623 .
541 1607 551 1626 .
636 1562 713 1626 itum
743 1564 926 1648 Imperator
952 1572 1081 1630 noster:
1103 1566 1177 1650 ojus

90 1663 137 1728 rei
151 1665 298 1728 meminit
313 1663 461 1728 Titinius
475 1662 540 1726 hoo
554 1662 675 1729 modo:
698 1663 787 1728 Haec
801 1665 936 1747 quidem
957 1667 1053 1749 qnasi
1069 1665 1178 1732 Oscu-

91 1763 170 1829 lana
191 1783 300 1848 pugna
324 1769 378 1829 est
462 1809 472 1827 .
559 1783 669 1836 secus,
693 1766 774 1849 quia
792 1766 826 1829 in
851 1767 962 1849 fugere
986 1769 1076 1850 polsi
1100 1769 1178 1834 hinc

90 1866 202 1949 spolia
220 1867 386 1948 colligunt.
430 1863 524 1948 [179]
545 1865 759 1948 significatur
779 1868 880 1932 etiam
902 1870 1018 1934 osculo
1038 1871 1177 1948 savium,

91 1973 130 2031 ut
145 1967 287 2032 Plautus
299 1968 333 2031 in
350 1966 564 2032 Neruolaria:
588 1967 749 2032 Osculum
769 1974 822 2032 sat
840 1977 892 2034 ast
905 1970 984 2033 mihi
1071 2017 1080 2035 .
1170 2017 1177 2032 .

92 2111 102 2127 .
190 2113 198 2130 .
284 2069 343 2150 qui
358 2068 479 2132 ambo⁷
502 2067 547 2130 mi
569 2074 683 2149 pater;
706 2067 795 2151 quod
815 2070 897 2134 inter
918 2076 1086 2153 cognatos,
1102 2091 1177 2154 pro·

87 2171 270 2254 pinquosq.
298 2172 481 2235 institutum
504 2169 548 2234 ab
570 2171 714 2254 antiquis
736 2176 798 2248 est,
820 2171 999 2255 maximeq.
1021 2173 1176 2236 soeminas

580 2270 718 2354 Optima
745 2272 803 2336 lex
831 2267 885 2334 ΑΗ
975 2317 983 2334 .
1071 2321 1079 2338 .

85 2373 123 2436 in
139 2371 302 2453 Magistro
317 2372 434 2456 populi
448 2373 601 2438 faciendo
604 2391 683 2456 ,qur
673 2373 796 2455 vulgo
811 2371 964 2438 Dictator
977 2375 1176 2456 appellatur,

86 2491 192 2557 quarn
214 2473 443 2556 plenissimum
464 2473 615 2556 posset
601 2493 660 2556 Jus
681 2473 755 2557 ejus
774 2493 849 2539 esso
863 2474 1120 2555 significabatur,
1142 2483 1178 2541 ut
1219 2519 1227 2538 ,

87 2574 159 2638 snit
182 2573 278 2640 Mani
300 2574 441 2651 Valerii,
464 2575 513 2638 M.
535 2575 574 2638 F.
594 2573 795 2640 Volusninae
818 2577 947 2656 gentis⁹
972 2577 1029 2660 qui
1051 2579 1177 2661 primus

87 2674 256 2756 Magister
278 2695 299 2738 a
323 2676 491 2758 populo¹⁰
520 2685 653 2741 creatus
681 2684 752 2741 ost:
781 2683 950 2759 proptsr¹¹
976 2696 1076 2760 quarn
1099 2699 1177 2742 vero

83 2776 284 2858 provocatio
297 2777 340 2840 ab
352 2795 392 2840 eo
410 2777 605 2858 magistratu
627 2777 672 2841 ad
692 2779 854 2860 populum
870 2776 962 2842 dicta
974 2785 1001 2816 ¹²
1023 2787 1086 2855 est,
1101 2800 1176 2863 quae

83 2884 169 2940 ante
192 2895 256 2940 non
278 2885 358 2954 erat,
379 2877 521 2940 desitum
543 2884 596 2940 est
617 2876 723 2956 adici3
746 2884 786 2940 ut
807 2879 935 2960 optima
955 2877 1040 2958 lege,
1061 2885 1177 2961 utpote

82 2977 262 3042 imminuto
287 2979 362 3061 jure
396 2981 540 3061 priorum
574 2977 822 3060 Magistromm.
876 2977 1047 3060 Originum
1076 2979 1177 3042 libros

81 3079 179 3161 quod
201 3079 372 3162 inscripsit
392 3077 490 3156 Cato,
511 3097 575 3144 non
598 3079 682 3142 satis
702 3078 835 3160 plenum
857 3077 987 3142 titulum
1011 3077 1177 3161 propositi

541 3289 723 3322 nemnem

117 3444 136 3488 6
154 3438 259 3488 ΙὶΡίιω
269 3443 402 3488 nalem-l
420 3438 587 3490 tinnula-8
604 3440 714 3491 finum
723 3437 899 3490 dicebam-O
916 3435 933 3487 s.
948 3435 1028 3485 Volusi
1042 3438 1141 3488 N.-l(l
1158 3440 1179 3490 i.

74 3503 239 3569 populi—ll
256 3499 277 3552 f.
291 3507 417 3566 port-ll
434 3504 467 3555 nl.
479 3505 547 3554 datu.

583 3651 690 3702 NOTAE

117 3767 123 3798 ¹
143 3765 243 3826 optimo
261 3766 312 3830 les]
337 3766 369 3815 lo
391 3765 491 3816 schedis
515 3773 615 3816 tanturn
655 3763 775 3826 formula,
791 3775 846 3812 vm.
863 3775 947 3815 evou.
963 3773 1085 3810 nervus.
1109 3771 1179 3808 nuos

72 3841 164 3903 spatii
178 3841 297 3889 relietum
313 3850 363 3904 est,
381 3850 502 3905 qnantum
524 3841 555 3889 nd
576 3854 615 3888 re·
655 3853 737 3890 ινιτ.
754 3838 878 3889 videndus
894 3837 1007 3900 Aquilius
1026 3836 1069 3884 lib.
1084 3849 1102 3882 ι.
1121 3851 1179 3898 cap.

72 3919 208 3982 promenda
226 3918 278 3966 duro
294 3919 382 3981 rerba,
393 3935 451 3983 qu·
463 3920 490 3968 in
502 3920 616 3982 margine
654 3919 696 3964 lu.
708 3921 735 3963 el
753 3914 839 3963 Livius
857 3911 900 3961 lib.
912 3925 952 3960 ux.
985 3909 1016 3958 ln
1032 3907 1179 3972 fragmento

71 3994 373 4054 noravlmoqrarlrert.
398 3995 517 4056 Magister
526 3994 615 4057 populi,
655 3993 718 4052 lepis
740 3990 855 4052 Agnus
879 3986 948 4051 apud
968 4001 1008 4035 rue
1030 3994 1088 4036 est:
1113 3997 1177 4034 nunt

70 4085 133 4136 pro
155 4071 285 4132 apopulor
303 4069 364 4119 item
383 4070 614 4132 nnsislrnmmpro
655 4080 733 4120 uror.
768 4076 890 4115 onum.
929 4074 1010 4112 unns.
1044 4072 1178 4112 narrum

68 4145 282 4206 magistratuum,
299 4152 328 4192 ut
346 4153 386 4194 est
406 4147 432 4194 in
452 4144 562 4198 schedis,
579 4145 615 4193 la·
656 4155 709 4194 usn.
1016 4150 1019 4160 ’

68 4215 200 4290 gendum
217 4227 346 4284 putamur.
377 4221 420 4270 De
433 4219 539 4284 antique
553 4231 615 4268 vero
