2930 4870
500 361 777 409 ιιιιιιιιιιιιιίυιι.
1099 347 1184 412 1075
1217 320 1227 330 ’

100 500 201 566 labori
223 519 288 565 nou
313 499 414 582 parsi.
458 498 679 563 Praedonulos
705 499 791 564 Cato
814 500 1075 583 hypocoristicos
1097 502 1185 567 dixit

101 603 131 664 in
158 601 395 683 epistularum:
434 596 524 676 Quia
554 619 646 682 saepe
677 599 775 664 utiles
806 601 956 666 videntur
986 604 1185 685 praedonnli.

101 701 278 766 Praecem¹¹
303 701 512 782 singulariter
533 703 622 765 idem
645 703 679 765 in
702 720 752 772 ea,
783 709 934 786 quaeest
962 703 1003 768 de
1033 705 1185 789 conjura·

101 804 194 866 tione.
238 801 472 868 Pulchralibus
487 811 590 886 atque
612 804 755 886 cupidus
767 812 792 841 ¹²
815 804 901 869 idem
924 807 957 869 iu
979 807 1031 880 ea'
1045 825 1121 888 quae
1136 815 1186 872 est

100 903 138 967 de
160 903 262 967 sundo
288 903 424 968 oleario.
468 903 741 970 Punctatoriolas
771 905 856 970 levis
881 926 1011 989 pugnas
1035 907 1186 991 appellat

101 1005 179 1068 Cato
192 1006 224 1067 in
238 1025 288 1081 ea,
301 1024 400 1087 qnam
413 1004 502 1068 dixit
515 1006 557 1068 do
573 1025 606 1068 re
623 1004 765 1070 Histriae
778 1006 927 1070 militari.
973 1006 1186 1073 Proaedifica·

99 1115 165 1170 tum
177 1106 310 1182 dicitur,
325 1106 415 1190 quod
432 1127 475 1170 ex
487 1107 617 1189 privato
626 1107 702 1171 loco
712 1108 879 1189 processit
893 1109 927 1172 iu
941 1109 1115 1191 publicum
1130 1129 1186 1173 so-

98 1209 174 1271 lum.
219 1206 479 1273 Percunctatum
491 1210 596 1290 patris
610 1207 750 1274 familiae
766 1228 900 1288 nomen,
915 1213 1034 1294 nequis
1053 1231 1187 1278 servum

97 1310 252 1388 mitteret,
274 1312 347 1393 lege
363 1317 515 1390 sanctum
538 1311 644 1374 t'uisso
668 1312 715 1374 ait
739 1311 826 1376 Cato
847 1311 882 1375 in
908 1332 961 1390 ea,
988 1331 1055 1394 qua
1080 1315 1187 1394 legem

99 1411 253 1476 Orchiam
273 1411 455 1475 dissuadet.
500 1410 696 1474 Prodidisse
711 1431 777 1475 uon
796 1411 902 1475 solum
918 1413 1038 1476 inillis
1053 1413 1186 1491 dicitur,

96 1513 152 1594 qni
168 1513 311 1594 patriam
324 1512 475 1575 hostibus
492 1512 719 1595 prodiderunt,
732 1513 791 1577 sed
802 1513 903 1576 etiam
920 1523 1049 1597 tempus
1059 1515 1187 1596 longius

94 1612 237 1678 secisse:
260 1619 295 1677 ut
310 1613 412 1678 Cato:
433 1613 494 1690 Te,
508 1613 547 1678 G.
564 1613 697 1691 Caecili,
713 1613 799 1678 diem
818 1614 970 1697 prodisse
984 1622 1007 1660 ¹³
1025 1615 1187 1679 militibus

94 1714 236 1795 legionis
254 1731 311 1777 ιιι.
331 1735 408 1780 cum
431 1716 652 1798 proditionem
678 1725 747 1779 non
775 1716 944 1780 habereut.
989 1715 1188 1781 Parimonta

93 1814 239 1880 Poenica
254 1836 413 1882 marmore
430 1817 608 1882 Numidico
624 1823 795 1880 constrata
816 1816 981 1897 siguificat
995 1816 1094 1894 Cato,
1111 1837 1188 1880 curu

93 1917 141 1980 ait
156 1917 192 1978 in
208 1938 262 1995 ea,
274 1937 375 2001 quam
390 1919 505 1983 habuit
519 1920 640 2001 nequis
663 1937 732 1982 cos.
748 1918 800 1981 bis
823 1917 938 1981 fieret:
963 1917 1084 1982 Dicere
1105 1936 1188 1999 pos-

91 2038 180 2096 sum,
213 2021 306 2103 quib.
335 2020 425 2084 uillae
455 2025 523 2102 atq.
553 2018 644 2084 mdes
675 2019 863 2088 aedificare,
895 2027 998 2102 atquo
1028 2019 1188 2099 expolitae

90 2121 243 2184 maximo
267 2141 375 2204 opere,
392 2122 486 2198 citro,
508 2129 575 2202 atq.
600 2120 713 2196 ebore,
726 2125 795 2202 atq.
812 2119 1015 2201 pavimentis
1040 2119 1188 2184 Poenicis

89 2228 194 2286 stent.
241 2221 380 2288 Prolato
397 2241 462 2286 aere
477 2222 597 2291 astitit,
614 2220 742 2283 Ennius
758 2219 899 2284 Achillae
921 2222 955 2284 in
971 2219 1152 2284 Aristarchi
1164 2227 1191 2268 ¹4

88 2341 167 2386 cum
198 2323 258 2400 ait,
273 2324 440 2405 significat
461 2323 582 2406 clypeo
610 2331 686 2386 anto
714 2341 750 2384 sa
776 2327 939 2404 protento.
985 2321 1152 2384 Poenitam
1164 2327 1188 2367 ¹⁵

85 2423 193 2487 offam
210 2423 352 2490 Naevius
362 2423 513 2508 appellat
522 2425 698 2504 absegmen
715 2424 825 2486 carnis
840 2443 916 2486 cum
932 2423 1038 2488 coda:
1061 2423 1189 2505 antiqui

85 2535 208 2592 autem
225 2525 323 2590 ollam
339 2527 508 2590 vocabant
523 2526 693 2590 abscisum
711 2524 803 2606 globi
817 2525 933 2600 torma,
954 2533 991 2587 nt
1005 2543 1103 2587 manu
1118 2523 1190 2606 glo·

82 2633 255 2691 inaratam
273 2628 413 2710 pultem.
457 2626 602 2692 Privatae
625 2627 717 2690 seriae
742 2633 903 2691 vocantur
928 2644 1097 2689 sacrorum
1114 2645 1190 2708 pro·

82 2732 257 2811 priorum,
272 2729 362 2792 velut
376 2728 447 2794 dies
461 2729 596 2805 natales,
611 2727 827 2811 operationiS,
843 2727 1030 2790 denecales.
1061 2725 1190 2790 Pronu-

79 2833 167 2896 bael’
185 2830 384 2894 adhibentur
393 2829 519 2913 nuptiis
529 2849 604 2912 quae
617 2830 719 2892 semel
729 2831 917 2908 nupserunt,
930 2836 967 2889 ut
981 2828 1191 2891 matrimonia

76 2938 331 3017 paupertatem
344 2929 369 2972 ¹⁶
398 2931 627 3014 auspicantes.
685 2926 867 2990 Pudicitiae
896 2928 1024 3008 signum
1053 2927 1087 2988 in
1116 2927 1190 2990 soro

75 3033 248 3098 Bovario
262 3041 326 3110 est,
336 3033 392 3096 ubi
403 3031 572 3096 familiana
586 3029 724 3094 aedisset
733 3035 757 3076 ¹⁷
769 3025 927 3090 Herculis
941 3047 949 3089 ε
966 3047 1040 3091 eam
1053 3027 1190 3109 quidam

74 3133 258 3198 Fortunae
281 3151 355 3196 esse
380 3133 582 3196 existimant.
628 3131 711 3194 Item
736 3129 793 3192 via
808 3127 929 3192 Latina
954 3128 1190 3191 admiliarium

72 3236 129 3301 illi
143 3235 173 3273 ¹⁸
205 3233 367 3296 Fortunae
389 3231 576 3309 Muliebris,
599 3233 692 3296 netas
715 3230 788 3313 [53]
812 3237 864 3293 est
879 3229 986 3308 attigi,
1001 3231 1065 3292 nisi
1082 3229 1125 3292 ab
1140 3248 1191 3306 ea,
1262 3275 1263 3280 η

71 3355 162 3420 quse
192 3333 303 3399 semel
325 3334 449 3415 nupsit.
494 3331 635 3398 Patrimi
658 3338 692 3395 et
715 3330 856 3394 matrimi
882 3330 978 3411 pueri
1000 3331 1194 3412 praetextati.

105 3668 140 3714 n
164 3661 190 3710 f.
204 3663 378 3724 precem-12
395 3656 414 3706 f.
431 3657 607 3720 cupidita-lt
624 3653 643 3702 f.
653 3653 855 3716 proditius-tt
874 3650 894 3700 i:
907 3652 932 3701 ιἰι
945 3653 1036 3704 Achille
1047 3653 1191 3703 Aristarchi.

63 3733 140 3780 ..15
164 3726 189 3776 f.
200 3725 391 3788 peritura-lb
406 3720 425 3770 f.
438 3721 582 3770 matrimonii
592 3719 847 3782 perpetuitatem-lt
867 3716 1077 3770 timuisset-18
1093 3717 1111 3766 i.
1125 3719 1200 3772 1111.

592 3895 699 3948 Nom

97 4046 114 4079 o
135 4029 295 4094 Pronuba]
310 4030 484 4078 Tertullianus
496 4030 521 4077 in
535 4029 627 4077 exhor·
658 4033 700 4098 ⁴ut
712 4032 740 4074 et
751 4024 890 4088 uirginibus
907 4024 1021 4086 legitime
1038 4021 1198 4072 nubentibus

56 4115 185 4172 tatione
207 4106 251 4158 ad
267 4105 431 4155 castitatem:
448 4105 628 4167 ‘Monogamie
668 4101 768 4152 univira
790 4100 906 4163 pronuba
922 4099 1084 4161 adhibeatur,
1103 4105 1130 4149 et
1156 4099 1192 4150 ric

54 4189 141 4257 apud
160 4181 309 4236 Etlrnicor
327 4179 353 4229 in
364 4194 461 4232 nummo
474 4181 569 4234 honore
580 4187 629 4242 ert,
668 4177 776 4242 auspicii
787 4177 888 4232 initium
898 4175 950 4231 rit.⁸
