2912 4858
539 417 706 466 sorssors.
1080 403 1165 470 1195

87 557 191 643 pictor
215 557 285 622 fieri
307 559 390 639 volt,
405 558 461 644 qui
486 559 556 623 risu
579 565 728 622 mortuus
755 563 815 622 est.
859 558 959 624 Picta
981 577 1057 642 quse
1081 579 1166 626 nuno

87 669 161 741 toga
175 658 302 736 dieitur,
317 679 480 744 purpurea
495 667 571 726 ante
585 661 733 724 vocitata
753 668 817 737 est,
837 680 910 742 eaq.
926 667 998 724 erat
1012 661 1083 723 sine
1097 663 1166 742 pic·

86 768 173 824 ture:
197 761 270 844 ejus
287 761 336 824 rei
352 769 577 843 argumentum
592 767 643 824 est
656 762 788 844 pictura
803 761 837 824 in
852 761 925 825 aede
934 759 1119 837 Vertumni,
1134 767 1166 826 et

86 861 198 938 Consi,
210 881 346 944 quarum
362 861 396 924 iu
412 862 518 926 altera
535 861 583 925 Μ.
599 861 737 926 Fulvius
752 862 909 938 Flaccus,
925 863 959 924 iu
976 862 1081 926 altera
1095 861 1163 925 Τ.ιι

86 960 238 1043 Papirius
248 960 370 1025 Cursor
381 961 616 1044 triumphantes
631 963 679 1025 ita
688 963 866 1044 pictisunt.
910 962 1040 1026 Tunica
1055 969 1165 1028 autem

83 1063 229 1144 palmata
244 1083 265 1128 a
280 1062 453 1126 latitudine
474 1063 643 1128 clavorum
663 1063 847 1140 dicebatur,
863 1081 939 1145 quse
960 1082 1048 1126 nnnc
1070 1080 1091 1125 a
1112 1082 1166 1143 ge·

84 1183 160 1227 nere
174 1165 309 1248 pictura
327 1163 524 1246 appellatur.
569 1163 747 1248 impetum,
762 1164 974 1241 industrium,
997 1163 1167 1245 indulgen-

85 1271 149 1328 tem
172 1266 307 1348 perinde
330 1265 516 1347 composita
538 1283 613 1328 esse
637 1265 687 1328 ait
704 1263 857 1340 Verrius,
877 1271 945 1346 atq.
968 1264 1115 1346 impune,
1134 1279 1167 1338 et

87 1367 252 1441 immunis,
266 1366 346 1429 mibi
366 1384 432 1428 nou
457 1367 538 1429 satis
559 1364 746 1447 persuadet.
790 1364 912 1429 Pietati
928 1363 1033 1430 aedem
1048 1383 1168 1428 couse-

84 1473 209 1532 cretam
224 1467 267 1530 ab
284 1466 394 1532 Aeillo
406 1471 430 1502 ¹²
450 1467 546 1530 eiunt
559 1485 601 1530 eo
614 1467 701 1542 loco,
716 1485 783 1548 quo
798 1465 965 1548 quondam
980 1465 1096 1528 mulier
1110 1464 1167 1528 ha·

82 1567 247 1645 bitaverit,
261 1585 338 1650 quae
354 1571 477 1649 patrem
495 1585 590 1629 suum
605 1566 768 1630 inclusum
783 1585 915 1630 carcere
932 1566 1081 1630 mammis
1093 1567 1166 1630 suis

82 1669 167 1731 clam
182 1668 320 1732 aluerit:
342 1669 386 1732 ob
401 1668 464 1733 boc
484 1667 618 1745 laetum,
634 1668 848 1751 impunitus¹³
870 1669 902 1732 ei
923 1684 1087 1731 concessa
1106 1677 1167 1731 est.

83 1768 307 1833 Picumavem
318 1770 452 1851 quidam
463 1768 587 1834 dictum
598 1769 927 1852 putantaPieorege
938 1767 1169 1850 Aboriginum,

82 1887 151 1951 quo
161 1869 345 1933 dissolutus
355 1870 430 1934 sit¹⁴
443 1877 493 1934 ΛΠ

82 1969 308 2034 Piscatorium
335 1989 383 2035 ees
398 1977 531 2035 vetusto
558 1991 647 2034 more
671 1971 871 2054 appellatur,
895 1968 985 2051 quod
1011 1969 1045 2032 in
1076 1967 1169 2052 [185]

80 2071 339 2135 ωοηῐσΑΙὺαῃο
359 2071 456 2135 datur
478 2091 538 2155 pro
560 2071 722 2153 piscibus.
766 2069 894 2132 Pedem
911 2069 1083 2148 vestigium
1109 2067 1169 2130 bu-

79 2172 172 2234 mani
187 2171 358 2254 praecipne
374 2173 468 2254 pedis
483 2173 672 2255 appellasse
694 2171 846 2253 antiquos
869 2170 902 2232 io
925 2169 1169 2232 commentariis

23 2323 28 2344 ‚
81 2271 282 2352 quibusdam
298 2271 438 2336 inveniri
452 2273 545 2338 solet.
589 2270 714 2362 Pescia
728 2271 762 2333 in
778 2269 889 2333 saliari
905 2270 1047 2332 carmine
1059 2268 1169 2332 AElius

80 2369 169 2435 Stilo
184 2369 250 2436 dici
273 2373 322 2436 ait
343 2371 468 2455 capitia
489 2393 533 2436 ex
555 2372 669 2455 pellib.
690 2371 816 2453 agninis
839 2369 937 2447 lecta,
952 2368 1043 2451 qued
1059 2368 1171 2433 Graeci

79 2472 188 2555 pelles
209 2480 331 2538 vocent
351 2493 451 2556 pesce
471 2480 587 2538 neutro
609 2490 724 2553 genere
745 2470 927 2553 pluraliter.
973 2468 1171 2532 Pestiferam

79 2572 195 2654 fulgur
208 2573 413 2657 dicitur,quo
428 2591 527 2648 mors,
543 2572 725 2636 exiliumve
742 2569 917 2651 significari
932 2568 1029 2633 solet.
1075 2567 1173 2632 Pisa·

79 2674 199 2738 litem·
220 2675 368 2758 appellat
388 2673 423 2738 N
425 2676 531 2739 sevius
546 2672 812 2748 Pantaleontem,
828 2671 860 2734 id
877 2675 939 2746 est,
956 2670 1048 2734 Pisis
1062 2669 1174 2733 oriun-

79 2775 165 2839 dum
186 2782 370 2860 tyrannum,
386 2795 460 2839 eum
481 2775 606 2858 alioqui
625 2772 701 2838 inde
725 2774 972 2855 profectiones
990 2770 1107 2834 Pisani
1124 2770 1174 2833 di-

80 2881 211 2939 eantur.
255 2875 403 2940 Pedibus
421 2877 573 2951 obsitum,
590 2874 625 2937 id
645 2881 708 2949 est,
724 2873 901 2955 pediculis,
920 2871 1065 2934 Titinius
1080 2868 1173 2952 pedi-

79 2994 205 3039 cesum
234 2975 384 3058 appellat
415 2976 477 3040 boc
506 2971 629 3038 modo:
662 2973 737 3036 Rus
768 2971 951 3036 detrudetur
979 2970 1172 3052 pedicosus,

80 3077 273 3159 squalidus.
318 3075 428 3140 Pedes
442 3083 550 3142 autem
567 3094 629 3158 pro
645 3071 831 3157 pediculis:
853 3071 903 3136 sie
918 3070 1059 3134 Plautus
1074 3068 1175 3134 refert

78 3179 118 3240 in
145 3175 360 3242 Curculione:
385 3175 471 3241 Item
493 3195 596 3258 genus
611 3175 660 3239 s¹⁶
681 3177 766 3238 inter
787 3174 936 3237 homines
950 3190 1026 3235 meo
1041 3169 1174 3253 quidem

79 3277 214 3352 animo,
239 3283 273 3342 ut
293 3297 430 3355 musore,
453 3279 591 3357 culices,
616 3277 764 3352 cimices,
788 3273 928 3357 pedesq.
953 3272 1117 3354 pulicesq.
1143 3277 1176 3335 et

79 3378 209 3442 Livius
230 3379 261 3442 in
284 3379 447 3459 gladiolo:
471 3379 607 3443 Pelices
628 3397 682 3454 ne,
703 3395 746 3441 an
766 3375 911 3450 cimices,
933 3390 975 3436 an
995 3372 1111 3454 pedes,
1126 3389 1177 3434 re·

79 3477 217 3562 sponde
246 3479 344 3545 mihi:
366 3487 400 3544 st
429 3479 599 3544 Lucilius:
622 3479 692 3546 Ubi
721 3497 773 3541 me
798 3475 894 3551 vidit,
924 3482 1027 3557 caput
1055 3473 1175 3548 scabit,

119 3829 153 3874 11
173 3823 299 3874 f.1..-1s
316 3824 335 3874 l.
348 3826 498 3876 Acilia-lt
514 3824 743 3889 timporibus-lt
758 3819 1065 3884 tisqrrodirrolitruele
1083 3815 1102 3866 i.
1120 3833 1134 3866 s
1150 3833 1176 3866 ee

79 3891 204 3940 ere—re
220 3890 253 3940 al.
266 3904 281 3936 a
292 3896 326 3938 est
337 3891 453 3940 lenonem.

580 4045 686 4097 NO‘l'AE

116 4207 127 4231 ·
146 4191 288 4256 Pisultterrr]
305 4192 347 4243 lta
359 4199 399 4244 ert
417 4193 442 4243 iu
458 4192 558 4243 nobedis
570 4206 616 4256 pro
629 4190 769 4242 Pisetiterar
786 4195 813 4239 et
824 4187 860 4238 ita
872 4186 973 4238 ridetur
986 4185 1130 4249 legendum.
