2934 4864
457 405 460 415 ·
582 393 748 446 ectitius·
1121 383 1207 450 1179

117 545 155 609 nt
175 535 293 606 AEtius'
309 537 393 604 Stilo
416 539 655 620 interpretatum
674 559 694 604 s
715 537 880 605 monendo
896 539 1021 608 dictum
1038 547 1104 620 est,
1119 543 1209 610 reiut
1226 540 1229 545 ’

119 649 330 708 monestrum.
375 640 461 706 item
469 639 609 706 Sinnius
625 641 760 724 Cupito,
775 643 868 726 quod
880 650 1041 708 monstret
1053 643 1208 722 futurum,

114 751 151 810 et
165 749 297 810 mourut
310 742 511 808 voluntatem
525 741 692 808 Deorum:
708 743 797 828 quud
813 747 912 810 etium
927 746 1124 830 prodigium,
1139 749 1209 812 uel·

117 851 158 910 ut
175 845 388 928 praedictum⁷
410 850 445 910 et
459 845 556 928 quasi
571 843 779 928 predictum,
794 846 885 930 quod
903 848 1064 930 proedicst
1077 849 1209 927 eedem,

116 953 151 1016 et
173 953 376 1030 portentum,
390 945 478 1029 quud
500 943 692 1027 portendet3
715 955 752 1011 et
771 945 953 1029 significet:
975 949 1052 1014 inde
1066 949 1133 1014 dici
1147 970 1209 1034 sp*

117 1059 213 1134 peret
231 1049 265 1113 id
286 1057 450 1132 quartum,
464 1047 555 1130 quod
575 1049 655 1112 mihi
679 1050 787 1113 visum
803 1055 855 1114 est
876 1049 1098 1128 adiciendum,
1119 1071 1208 1136 proea

115 1153 228 1216 sertim
243 1171 318 1216 curn
333 1169 378 1215 ex
392 1149 509 1214 eedem
524 1150 767 1232 significatione
782 1152 937 1234 pendeat,
952 1159 986 1218 et
1000 1154 1206 1238 inpromptu
1248 1217 1257 1236 ,
1280 1143 1283 1152 ’

115 1253 163 1318 sit
180 1253 347 1329 omnibus,
370 1252 405 1316 id
431 1258 495 1329 est,
518 1259 701 1317 ostentum:
727 1253 818 1336 quod
834 1253 920 1318 item
938 1255 982 1320 nb
999 1255 1208 1320 ostendendo

115 1355 241 1443 dictum
256 1361 309 1418 est
323 1354 412 1438 npud
428 1365 597 1418 coctores:
616 1355 676 1437 qui
691 1362 825 1419 mouent
838 1355 1018 1420 histriones
1032 1357 1066 1420 in
1082 1375 1207 1434 scmus.

112 1457 177 1522 sed
195 1459 295 1524 etism
309 1457 368 1521 ubi
379 1456 569 1522 adiciuntur
589 1457 828 1522 commentarii.
873 1457 1002 1522 Mende
1016 1457 1209 1524 dictumest

115 1557 429 1624 uruntusmuiieris:
443 1558 576 1641 qualem
586 1558 745 1622 habuisse
765 1555 859 1640 [169]
881 1559 1074 1644 Eriphylam
1084 1559 1210 1626 inbuite·

112 1661 238 1728 terunt:
260 1679 305 1726 err
318 1679 360 1724 eo
371 1660 474 1724 etiem
489 1660 585 1743 equis
600 1659 821 1744 propendens
835 1679 857 1724 s
869 1660 1207 1738 coiloemnmeutum‚

112 1763 238 1828 moniis
251 1762 437 1848 appellent.
479 1760 672 1826 Molucrum
686 1781 754 1826 nou
769 1761 877 1826 solnm
894 1783 961 1846 quo
978 1763 1077 1828 multe
1098 1768 1208 1828 terun-

113 1863 191 1930 tor⁸
206 1865 338 1943 dicitur,
361 1862 395 1928 id
416 1861 505 1946 quud
528 1861 641 1929 Groeci
661 1862 796 1947 μύλικροι
818 1864 1004 1947 appeliant,
1023 1864 1082 1928 sed
1105 1866 1216 1928 etiem·

113 1971 224 2030 tumor
245 1967 379 2042 ventris,
400 1966 459 2049 qui
480 1967 580 2029 etism
602 1965 784 2047 virginibus
808 1964 955 2030 incidere
980 1966 1084 2029 sciet:
1107 1965 1206 2049 cujus

112 2069 265 2132 meminit
289 2066 451 2132 Afranius
487 2068 522 2130 in
546 2066 709 2148 Virgine:
743 2065 860 2132 Ferme
887 2067 1017 2148 virgini,
1046 2043 1207 2150 tanquam

111 2170 262 2249 gruridm
275 2170 404 2234 mulieri
417 2177 543 2247 uterus,
560 2169 745 2234 molucrum
758 2174 909 2246 vocetur,
924 2169 1045 2233 transit
1058 2169 1130 2232 siue
1145 2167 1207 2233 do-

111 2268 252 2336 loribus.
296 2271 451 2336 Cloatius
465 2271 568 2336 etiem
586 2279 624 2338 s⁹
647 2273 681 2333 iu
703 2270 797 2335 libris
822 2289 1004 2349 sacrorum,
1022 2270 1206 2336 molucrum

110 2391 190 2436 esse
212 2373 307 2437 siunt
327 2374 472 2456 ligneum
496 2371 665 2456 quoddam
688 2371 897 2456 quadratum,
923 2373 980 2437 ubi
1008 2371 1206 2436 immoletur.

111 2472 209 2538 idem
229 2475 338 2540 AElius
360 2476 395 2539 in
418 2475 660 2559 expisustioue
683 2473 866 2538 carminum
891 2473 1064 2538 Saliarium
1089 2472 1207 2538 eodem

109 2576 247 2640 nomine
258 2577 417 2660 appellari
428 2579 488 2656 eit,
500 2576 591 2660 quod
606 2577 669 2640 sub
683 2577 774 2642 mola
786 2581 1005 2660 supponetur.
1050 2576 1206 2642 Aurelius

109 2677 252 2762 Opilius
265 2678 415 2763 appellnt
427 2680 484 2743 ubi
498 2679 648 2744 molatur.
694 2679 788 2744 Meis
801 2680 903 2744 etism
915 2685 1055 2742 vocetur
1069 2677 1119 2742 ser
1134 2685 1207 2742 tos·

108 2783 514 2866 tnm,etss1espursum:
530 2783 620 2866 quod
635 2801 676 2846 en
693 2780 821 2858 molito,
834 2781 953 2845 bustim
968 2787 1206 2863 aspergentur:

107 2884 221 2950 moise
239 2885 335 2949 uvius
354 2885 466 2967 inepte
479 2884 613 2969 quidum
629 2881 738 2948 dictes
758 2889 889 2965 putent.
934 2879 1083 2946 Mundus
1104 2881 1205 2946 etiem

106 2986 258 3064 mulieris
291 3027 515 3052 .....
548 2984 827 3069 potest-Accius:
844 2982 928 3047 Cum
943 2981 1097 3062 virginali
1110 3000 1206 3045 mun·

105 3087 156 3152 do
174 3089 262 3152 clam
276 3097 382 3171 petre.
426 3088 576 3152 Ennius:
600 3086 699 3152 Idem
708 3086 790 3151 ¹lucu
804 3084 945 3148 novibus
959 3082 1062 3150 celsis
1082 3083 1206 3148 munds

104 3191 210 3267 secie,
232 3199 304 3274 etq.
327 3191 428 3256 etiem
453 3209 519 3256 eere
542 3189 684 3256 Cereris.
727 3186 795 3266 Qui
806 3191 832 3224 ¹⁰
853 3183 993 3250 mundus
1007 3184 1205 3268 appelletur,

105 3295 172 3376 qui
195 3302 245 3357 ter
265 3295 298 3356 iu
317 3311 403 3356 enno
422 3291 513 3356 solet
527 3301 649 3375 petere.
675 3307 731 3354 ιιι.
748 3289 827 3354 Kei.
850 3289 942 3372 Sept.
965 3291 1000 3352 et
1021 3301 1096 3350 ιιιι.
1114 3285 1204 3350 Νοιι.

104 3397 251 3462 Octobr.
271 3403 306 3458 et
330 3409 387 3457 ιιι.
407 3394 454 3457 id.
478 3393 644 3459 Novemb.
689 3390 758 3470 Qui
778 3391 846 3469 (rel
865 3389 987 3454 omui¹¹
1009 3389 1119 3452 dictus
1141 3394 1204 3467 est,

102 3497 203 3582 quod
224 3505 310 3562 terre
329 3503 492 3561 movetur.
535 3495 732 3578 Mempholn
751 3493 939 3576 appellator
960 3483 1060 3572 [inuis
1075 3487 1205 3573 Syriaci

100 3617 229 3684 genus,
243 3599 348 3683 quod,
373 3603 411 3662 ut
433 3598 479 3663 eit
497 3596 646 3673 Verrius,
669 3595 704 3660 iu
728 3596 859 3660 clibano
881 3598 1063 3675 antequem
1089 3610 1205 3674 percu·

101 3706 245 3788 quatur,
261 3700 384 3767 decidit
399 3699 433 3764 iu
448 3701 623 3777 carbones,
634 3698 814 3780 cineremq.
828 3694 925 3778 cujus
941 3693 1088 3758 meminit
1104 3693 1205 3757 Luci·

99 3807 191 3872 iius.
232 3803 410 3868 Pistricem
432 3800 580 3868 velids¹²
605 3802 636 3866 si
655 3798 779 3865 nummi
800 3797 1071 3881 suppeditabunt,
1095 3793 1204 3859 addas

135 4194 153 4239 7
176 4187 194 4240 i.
211 4190 404 4252 predictum-ti
427 4187 460 4238 ιΙ.
487 4191 614 4240 verruntur
634 4189 667 4238 st.
693 4185 876 4236 vertitatem-9
893 4178 912 4230 f.
931 4195 945 4230 ι
969 4184 993 4229 et
1016 4177 1171 4228 ditium-1⁰
1185 4176 1203 4226 i.

101 4256 250 4314 Quin-il
269 4251 289 4306 i.
303 4254 329 4304 id
340 4257 479 4304 omne-12
495 4251 515 4306 f.
533 4253 644 4304 ootidrm.
741 4265 743 4268 ·
