2934 4864
498 423 771 474 nunuunuuun.
1093 413 1177 478 1145

97 561 317 646 appellantur:
338 567 460 649 quibus
476 573 510 631 et
524 586 546 631 u
560 565 683 634 Naevio
698 569 820 634 bellum
835 558 1175 654 Punicum'soriptum

96 673 153 739 est,
168 671 201 727 et
214 685 237 729 u
250 666 364 732 multis
378 667 456 732 uliis
473 668 569 752 plura
585 671 772 752 composita
786 677 860 735 snut
873 672 932 754 qui
946 661 1040 735 Deus
1054 674 1087 736 iu
1100 673 1175 736 suli·

97 767 200 829 annus
221 766 385 832 Sutumus
396 777 421 818 ¹⁷
444 771 642 847 nominatur,
664 770 819 836 videlicet
836 791 856 835 a
872 773 1067 837 sationibus.
1111 773 1175 838 Sus

97 867 228 934 Vannius
244 878 343 956 putat
358 872 544 956 siguificare
557 892 627 951 eus,
643 878 726 938 teste
747 873 866 952 Ennio,
881 876 939 958 qui
958 874 1049 940 diost
1062 875 1096 937 iu
1110 874 1131 938 l.
1150 891 1175 937 1.

96 967 248 1052 Virgines
261 992 334 1036 uam
355 974 421 1039 sibi
436 974 575 1058 quisquo
596 976 684 1040 domi
699 973 873 1041 Romanus
887 975 986 1040 habet
1000 995 1076 1040 sus:
1099 994 1176 1040 oum

96 1089 170 1134 suas
185 1073 291 1155 magis
310 1073 465 1140 videatur
492 1076 692 1157 significare:
725 1076 824 1140 sicuti
852 1075 1001 1159 ejusdem
1025 1077 1083 1141 lib.
1101 1093 1176 1142 1111.

95 1173 263 1239 fatendum
288 1183 340 1240 est
364 1195 438 1241 eum
462 1177 651 1258 significari,
679 1195 754 1240 cum
779 1178 842 1242 uit:
865 1178 976 1242 Neo¹⁸
998 1179 1176 1262 quisquam

94 1275 421 1361 philosophiamquae
432 1277 580 1343 doctriua
590 1285 617 1328 ¹⁹
632 1278 871 1361 Latiuuliuguu
885 1300 950 1343 nou
961 1280 1073 1358 habet,
1084 1281 1176 1363 supi·

93 1377 179 1442 eutis
192 1397 270 1462 quae
281 1379 470 1463 perhibetur
483 1379 532 1464 (iu
547 1380 670 1442 somnis
685 1379 768 1442 vidit
786 1381 888 1461 prius,
904 1399 1005 1464 quum
1021 1399 1094 1444 sam
1108 1380 1176 1444 dis·

93 1497 165 1542 cere
187 1481 304 1563 coepit.
325 1479 415 1544 idem
436 1499 511 1544 cum
527 1482 574 1544 uit
586 1499 724 1562 sapsam
738 1499 799 1564 pro
813 1482 903 1564 ipsu,
917 1501 979 1546 uec
996 1481 1063 1546 aliu
1083 1483 1177 1563 pouit

92 1580 128 1643 iu
142 1580 198 1644 lib.
212 1597 301 1645 xus.
344 1581 425 1660 Quo
440 1601 492 1645 res
509 1601 613 1666 supsu
630 1583 709 1646 loen
732 1601 809 1646 sese
830 1573 1049 1667 ostentatque,
1067 1585 1177 1668 jubet-

92 1701 174 1764 que:
188 1689 221 1746 et
235 1681 407 1746 Pacuvius
420 1685 455 1747 iu
468 1682 616 1747 Teucro:
632 1679 721 1746 Nam
736 1683 901 1747 Teucrum
921 1685 991 1766 rogi
1007 1703 1109 1768 sspse
1123 1704 1176 1748 res

90 1777 309 1848 restibiliet.¹⁰
352 1781 531 1861 Saunium,r
553 1784 671 1865 volgus
695 1783 833 1866 quidem
849 1793 885 1848 et
903 1786 938 1849 iu
961 1787 1063 1863 bonu,
1086 1792 1121 1850 ot
1141 1785 1176 1850 in

89 1884 180 1948 mala
196 1904 230 1948 aa
248 1893 371 1950 vocat:
396 1905 471 1950 cum
488 1886 581 1950 siunt
595 1884 686 1966 [134]
702 1887 837 1962 bouum,
855 1891 889 1949 et
901 1885 1020 1950 malum
1034 1907 1176 1948 scenam:
1224 1897 1236 1942 t

89 1993 125 2046 ut
143 1983 304 2068 scriptores
319 1987 352 2048 iu
367 1985 455 2049 mula
470 2003 593 2067 pouere
612 1993 841 2062 consuemaunt,
864 1995 899 2048 ut
924 1987 1011 2068 apud
1034 1984 1176 2050 Graecos

86 2085 245 2149 inuenitur
265 2085 398 2168 positam
412 2105 473 2170 pro
489 2087 633 2150 sinistro.
653 2105 797 2150 scaevam
811 2086 974 2172 usurpauit
988 2085 1122 2152 Hostius
1140 2088 1176 2151 iu

86 2187 169 2252 belli
183 2185 319 2250 Histrici
332 2184 411 2250 libro
470 2231 479 2250 .
566 2233 575 2251 .
633 2187 732 2251 sentit
746 2205 889 2251 scaevum
976 2231 984 2248 .
1072 2234 1079 2248 .
1168 2234 1176 2249 .

85 2289 161 2354 abit
174 2289 311 2371 penitus
381 2334 389 2350 .
476 2335 484 2352 .
574 2331 581 2346 .
670 2331 677 2346 .
744 2285 903 2371 saperda·
918 2307 1020 2372 genus
1034 2289 1176 2371 pessimi

84 2389 201 2474 piscis:
224 2389 390 2472 sapientem
405 2387 497 2452 etium
518 2387 694 2472 significat,
709 2408 780 2453 cum
795 2389 840 2452 ait
861 2386 981 2453 Varro:
1005 2387 1100 2468 Belli,
1105 2387 1175 2476 fes·

84 2489 147 2552 tici
162 2489 330 2575 saperdae,
345 2509 418 2554 cum
428 2489 521 2554 simus
536 2511 645 2553 omnes.

84 2590 313 2656 Sauderucum
340 2591 386 2655 ait
413 2612 473 2655 esse
496 2577 735 2678 genas'eolaris,
759 2593 849 2674 quod
879 2591 993 2680 Graeci
1023 2591 1177 2658 sandicem

82 2691 259 2778 appellunt.
303 2691 455 2773 Noevius,
470 2691 591 2758 merula
602 2691 799 2756 sanderacino
811 2692 917 2757 calore.
961 2695 1178 2780 Sabiniquod

80 2793 197 2859 uolunt
211 2793 376 2872 somniant,
393 2808 478 2858 aetas
499 2795 714 2880 proverbium
736 2815 811 2872 esse,
833 2805 863 2858 et
884 2793 955 2858 inde
976 2817 1114 2862 mantuae
1132 2797 1178 2861 ait

79 2897 228 2962 Sinnius
258 2896 389 2979 capito,
412 2893 495 2982 quod
522 2895 728 2981 quotiescunq.
757 2895 948 2960 sacrificium
978 2898 1178 2979 proterviam

63 2997 185 3082 fieret,
197 2997 347 3062 hominem
359 2999 518 3063 Subiuum
528 3005 582 3063 ut¹
600 2995 681 3060 ittaa
690 2995 834 3060 adhibere
844 2995 980 3060 solebant
993 3019 1003 3058 .·
1017 3017 1093 3062 uum
1101 2998 1155 3086 his
1163 3007 1177 3036 ¹

76 3099 295 3185 promittebat
309 3119 339 3162 se
351 3119 409 3182 pro
424 3099 466 3162 eis
476 3099 697 3163 soanaiaturum
712 3121 720 3160 :
735 3097 856 3181 idemq.
862 3109 1025 3184 postquam
1036 3097 1178 3186 evigilas·

74 3213 137 3279 set,
154 3221 245 3264 socru
259 3200 457 3267 iacientibus
472 3199 623 3265 narrabat
638 3221 723 3266 amite
741 3198 887 3287 quicquid
904 3203 939 3266 iu
955 3203 1067 3286 quiete
1084 3199 1177 3265 vidis-

110 3601 147 3648 1⁷
167 3595 187 3648 i.
201 3593 558 3660 &mentitae-10
572 3595 748 3661 tputanpti·
757 3593 1063 3663 (quamdudum-itt
1079 3593 1100 3645 f.
1119 3595 1179 3646 Tau·

68 3678 121 3712 m
133 3677 241 3726 renuas
252 3675 322 3726 sepau
332 3675 370 3711 res
379 3660 538 3712 stabitietel
556 3659 675 3714 iudei
691 3661 711 3712 f.
722 3663 753 3713 is.

587 3891 695 3942 NOTAE

105 4032 119 4058 ¹
137 4018 266 4083 Sem]
290 4017 400 4068 Pisutus
420 4017 446 4067 iu
468 4017 615 4069 Pseudolus
656 4019 725 4068 utum
736 4017 763 4067 iu
778 4014 920 4081 saperda:
938 4015 1050 4066 ‘Omnes
1062 4013 1180 4066 videmur

62 4109 71 4132 ·
89 4101 180 4149 Beue
193 4096 327 4162 predatus
340 4093 397 4143 ibo:
412 4094 618 4146 bansionensi
656 4093 728 4145 uobis
739 4107 796 4144 esse
807 4092 879 4156 beili,
889 4089 1109 4156 festiabmpeedu
1121 4106 1179 4144 eum

59 4173 164 4228 nius-3
199 4173 270 4222 Vide
285 4171 475 4222 Vsemuemsn.
656 4169 847 4234 timuissem?

105 4259 118 4286 ¹
135 4245 267 4314 Superas]
283 4246 366 4298 Vana
382 4245 472 4297 Medio
483 4245 551 4310 apud
562 4245 616 4298 Nu·
