2930 4870
456 381 460 392 ·
528 364 803 420 nnnuuusnun.
982 347 984 352 ’
1125 353 1210 420 loss

115 505 352 594 nlipuuntiupcr,
368 507 406 576 ob
417 510 627 576 refectionem
643 511 789 595 eorporis
802 511 833 574 io
851 508 962 594 oppido
976 509 1106 596 quodum
1122 509 1210 576 inse·

117 611 261 689 dissent,
282 613 399 692 Brutii,
423 611 533 697 quibus
543 611 652 697 fndus
672 623 742 676 tunc
761 633 830 676 cum
847 612 1008 678 Romanis
1023 621 1105 689 erat,
1120 613 1210 678 bello

116 710 224 774 statim
239 732 273 774 eo
287 711 488 778 destiterunt:
512 713 589 778 iude
607 733 629 778 a
645 713 796 796 principe
813 709 1067 798 Nonto‚snniilin
1085 711 1209 777 Nuntio

118 813 293 895 appellata
308 821 372 880 est.
417 813 600 892 Natinntio,
616 813 776 878 dicebatur
795 815 988 900 negotiatio:
1013 825 1046 882 et
1070 817 1211 882 Natini-

119 921 210 980 tuos
225 935 262 980 en
280 937 326 993 eo,
341 915 485 993 seditiosi,
500 917 621 1001 negotio
642 927 801 998 gerentes.
845 915 896 982 Μ.
911 918 997 984 Cato
1012 919 1046 982 in
1108 965 1116 982 .
1204 963 1212 981 .

118 1063 128 1082 .
187 1063 198 1084 .
255 1019 393 1084 tumultu
406 1017 711 1102 Macedoniae‚[16]
724 1019 904 1096 Etruriam,
915 1021 1093 1098 Samnites,
1105 1021 1212 1086 Luca·

119 1137 196 1196 uns,
212 1120 347 1187 intense
362 1121 516 1198 natinari,
528 1127 634 1203 atque
643 1122 809 1186 sactiones
823 1141 907 1186 esse.
953 1122 986 1186 N
989 1142 1081 1188 acuas
1095 1126 1212 1206 eppei·

118 1222 229 1286 tantur
246 1223 346 1304 vulgo
359 1223 516 1301 fullones,
532 1224 630 1288 nteit
644 1221 826 1300 Curiatius,
838 1224 1037 1306 quodneuci
1052 1243 1116 1288 nun
1134 1226 1212 1301 sint,

119 1321 156 1390 id
172 1325 264 1406 qnod
280 1331 332 1390 est
345 1325 472 1408 nullius
487 1327 583 1410 preti.
629 1323 727 1390 ldem'
737 1327 836 1390 sentit
850 1333 886 1388 et
900 1323 1053 1390 Cincius:
1075 1327 1211 1408 quidum

119 1425 229 1503 aiunt,
251 1427 341 1511 quod
362 1429 476 1492 omnia
499 1427 569 1492 iere
591 1447 693 1512 opera
715 1446 758 1492 ex
782 1429 870 1504 luna,
893 1447 990 1492 nacae
1013 1428 1169 1491 dicuntur
1191 1446 1212 1491 a

121 1525 267 1595 Graeuis.
312 1528 493 1594 Nautium*
513 1529 561 1594 ait
575 1528 694 1594 Ateius
718 1528 910 1609 Philologus
932 1527 1014 1611 poni
1031 1547 1089 1610 pru
1104 1529 1213 1608 nugis.

122 1627 275 1705 Gincius,
290 1629 379 1712 qued
402 1631 435 1696 in
451 1629 538 1696 oleae
552 1631 662 1707 nucis,
684 1631 774 1714 quud
797 1629 885 1694 intus
900 1630 954 1694 sit.
998 1629 1111 1694 AEiins
1125 1629 1213 1694 Stilo

121 1731 270 1804 omnium
285 1749 390 1796 rernm
403 1737 572 1815 putamen.
594 1729 884 1794 Glossematorurn
897 1737 1009 1794 eutem
1020 1731 1215 1812 scriptores,

120 1829 214 1894 saba
234 1833 325 1912 grani
339 1831 428 1916 quod
443 1833 564 1898 hereat
578 1833 612 1896 in
627 1833 766 1896 subulo.⁵
810 1831 959 1910 Quidum
974 1851 1018 1895 ex
1034 1832 1157 1896 Graeuo
1171 1831 1214 1892 nat

123 1929 176 1994 καὶ
189 1932 266 2016 οὐχὶ,
279 1935 385 2000 levem
402 1935 562 2000 huminem
579 1934 768 2017 significari.
812 1931 959 2010 Quidum
974 1933 1069 1996 nucis
1079 1931 1214 2015 juglan-

123 2033 191 2110 dis,
206 2053 308 2118 qnam
323 2034 461 2100 Verrius
477 2033 721 2119 jugulandum⁶
745 2041 855 2111 vocet,
878 2033 1023 2098 medinm
1039 2034 1131 2098 velut
1148 2033 1216 2098 dis·

122 2135 357 2218 sepimentum.
389 2135 736 2218 Plautusinpernsitu
745 2135 859 2218 pigro:
874 2135 976 2198 ambo
986 2153 1106 2216 magna
1115 2134 1214 2198 lande

122 2235 224 2312 tanti,
240 2243 408 2318 postremo
424 2239 523 2301 ambo
537 2255 653 2300 sumus
667 2256 732 2300 nun
745 2239 868 2302 nuncii
888 2236 968 2301 item
985 2237 1017 2299 in
1042 2235 1217 2300 Mostella·
1252 2253 1254 2256 ·
1288 2253 1305 2276 ‘·

124 2337 198 2404 ria:
215 2335 317 2414 Quod
328 2337 362 2404 id
377 2357 452 2402 esse
466 2339 575 2402 dicem
593 2339 729 2402 verbnm
746 2339 857 2415 nunni,
872 2339 1008 2402 nescio:
1034 2344 1069 2400 et
1084 2339 1117 2402 in
1132 2337 1217 2402 Trn-

124 2437 280 2504 colonio:
296 2438 402 2504 Amas
416 2440 578 2506 hominem
591 2459 657 2504 nun
666 2441 764 2504 nauci
776 2460 784 2505 ε
802 2445 835 2504 et
845 2438 878 2503 N
881 2439 987 2504 sevius
1001 2443 1086 2518 (00⁷
1102 2441 1135 2504 in
1148 2439 1217 2502 Tn-

124 2536 302 2604 nicularie.
345 2540 430 2620 Ejus
444 2549 574 2606 noctem
586 2559 694 2604 nauco
706 2541 834 2606 dooere.
879 2539 945 2604 Sed
964 2539 1216 2617 Ennius,i11nc⁸

126 2641 182 2702 est
194 2644 331 2719 nugetur
346 2639 439 2704 nihili
453 2652 519 2704 non
532 2642 631 2706 nauci
643 2641 757 2706 humo.
787 2640 820 2705 N
822 2661 895 2705 ntes
907 2641 1070 2724 appellari
1086 2648 1217 2725 putent,

127 2737 222 2820 qnod
237 2757 296 2822 per
324 2759 367 2806 eu
388 2742 461 2805 nasi
482 2741 643 2806 tutamina
667 2742 780 2806 odoris
800 2742 964 2825 cujusque
983 2744 1052 2806 nuri
1075 2745 1219 2807 flamuso

129 2836 261 2904 Norica
280 2850 334 2904 est
348 2860 451 2922 genus
467 2841 572 2924 pisois
587 2844 710 2906 minuti.
754 2843 915 2906 Plautus:
934 2842 1143 2906 Muriaticum
1158 2861 1219 2906 an·

126 2945 196 3006 tom
212 2941 311 3008 uideo
333 2944 368 3008 in
393 2945 485 3009 vasis
507 2945 650 3026 stagneis
670 2945 816 3008 naricam
834 2945 956 3014 bonam
972 2950 1004 3005 et
1018 2949 1171 3006 canutam
1186 2948 1219 3006 et

126 3047 267 3120 taguma
295 3045 414 3127 quinus
442 3045 548 3110 sucus
578 3042 723 3108 oononn
746 3043 953 3127 piscinarius.
998 3041 1162 3106 Nancitor
1187 3042 1219 3104 in

128 3159 206 3206 ιιι.
233 3157 354 3210 noctus
378 3147 450 3224 erit,
472 3149 624 3230 praeno¹⁰
645 3146 719 3210 erit.
763 3145 847 3210 item
876 3145 910 3208 in
932 3145 1055 3210 foedere
1081 3143 1220 3208 Latinos

124 3247 309 3328 pecuniam
323 3249 402 3332 quis
413 3257 435 3290 ¹¹
451 3250 614 3326 nancitor,
629 3248 767 3314 habeto:
787 3248 867 3312 etsi
883 3247 965 3331 quid
981 3248 1126 3330 pignoris
1141 3265 1220 3311 nas·

125 3348 308 3426 ciseitur,¹²
338 3351 403 3414 sibi
429 3350 561 3414 habeto.
605 3349 698 3414 Nare
719 3369 742 3414 a
761 3368 845 3413 nave
867 3347 1002 3414 ductum
1023 3348 1221 3414 Cornificius

124 3450 190 3526 ait,
214 3447 305 3531 qnod
327 3470 416 3534 aqua
436 3449 559 3516 temon
580 3455 710 3526 mnus,
731 3455 769 3514 ut
789 3450 897 3514 avis.¹¹
944 3449 1070 3514 Ennius
1093 3450 1133 3515 L.
1154 3465 1222 3513 vu.

126 3551 218 3613 alter
233 3569 308 3616 nare
324 3553 429 3634 cupit,
444 3551 526 3616 alter
541 3568 689 3634 pugnare
706 3554 866 3632 paratust.
910 3550 1053 3615 Plautus
1068 3549 1101 3613 in
1115 3549 1222 3614 Aulu-

123 3651 227 3716 laria.
271 3650 380 3729 Quasi
395 3654 502 3735 pueri,
524 3653 582 3735 qui
599 3671 677 3715 nere
695 3649 840 3728 discunt,
863 3652 994 3735 scirpea
1012 3652 1158 3716 induitur
1171 3669 1222 3714 rs-

125 3750 197 3815 tis:
222 3757 336 3816 nature
357 3753 457 3836 igitur
479 3759 541 3830 est,
563 3751 688 3836 saepius
710 3769 798 3830 nare,
821 3757 858 3814 ut
880 3751 1045 3829 dictitare,
1059 3753 1223 3816 factitare.

126 3850 266 3932 Nasus,
281 3853 379 3931 celer,
394 3872 436 3919 no
452 3853 614 3931 strenuus,
629 3872 651 3917 a
665 3853 801 3930 navium
817 3852 998 3918 velocitate
1013 3853 1142 3918 uidetur
1155 3851 1225 3916 die·

161 4129 570 4194 citimi-tiisntaeflh-
574 4135 591 4180 0
606 4129 918 4248 ‘istim-⁷0*
888 4127 1037 4179 -sttttte
1039 4125 1226 4193 -t'iflnnttn

122 4193 744 4260 -nof.oaetatu.-1tf.qd.-1tmto
799 4193 951 4244 lisania.
