<?xml version="1.0" encoding="UTF-8"?>
<!DOCTYPE html PUBLIC "-//W3C//DTD XHTML 1.0 Transitional//EN"
    "http://www.w3.org/TR/xhtml1/DTD/xhtml1-transitional.dtd">
<html xmlns="http://www.w3.org/1999/xhtml" xml:lang="en" lang="en">
 <head>
  <title>
</title>
<meta http-equiv="Content-Type" content="text/html;charset=utf-8" />
  <meta name='ocr-system' content='tesseract 3.04.00' />
  <meta name='ocr-capabilities' content='ocr_page ocr_carea ocr_par ocr_line ocrx_word'/>
</head>
<body>
  <div class='ocr_page' id='page_1' title='image "./mverriiflacciqu02flacgoog/mverriiflacciqu02flacgoog_0642.png"; bbox 0 0 2934 4864; ppageno 0'>
   <div class='ocr_carea' id='block_1_1' title="bbox 409 373 1158 442">
    <p class='ocr_par' dir='ltr' id='par_1_1' title="bbox 409 373 1158 442">
     <span class='ocr_line' id='line_1_1' title="bbox 409 373 1158 442; baseline 0.008 -7"><span class='ocrx_word' id='word_1_1' title='bbox 409 399 413 410; x_wconf 92' lang='lat'><strong>·</strong></span> <span class='ocrx_word' id='word_1_2' title='bbox 476 386 748 438; x_wconf 74' lang='lat' dir='ltr'><strong>assensurus.</strong></span> <span class='ocrx_word' id='word_1_3' title='bbox 819 398 823 410; x_wconf 94' lang='lat'>·</span> <span class='ocrx_word' id='word_1_4' title='bbox 1073 373 1158 442; x_wconf 74' lang='lat'>1137</span> 
     </span>
    </p>
   </div>
   <div class='ocr_carea' id='block_1_2' title="bbox 71 527 1169 2641">
    <p class='ocr_par' dir='ltr' id='par_1_2' title="bbox 71 527 1169 2641">
     <span class='ocr_line' id='line_1_2' title="bbox 93 527 1159 618; baseline 0.008 -28"><span class='ocrx_word' id='word_1_5' title='bbox 93 527 143 605; x_wconf 83' lang='lat' dir='ltr'><strong>ris,</strong></span> <span class='ocrx_word' id='word_1_6' title='bbox 155 531 314 614; x_wconf 85' lang='lat' dir='ltr'><strong>struppum</strong></span> <span class='ocrx_word' id='word_1_7' title='bbox 338 529 460 595; x_wconf 83' lang='lat' dir='ltr'><strong>vocari.</strong></span> <span class='ocrx_word' id='word_1_8' title='bbox 505 529 694 596; x_wconf 87' lang='lat' dir='ltr'><strong>Strutheum</strong></span> <span class='ocrx_word' id='word_1_9' title='bbox 716 531 752 596; x_wconf 89' lang='lat' dir='ltr'><strong>iu</strong></span> <span class='ocrx_word' id='word_1_10' title='bbox 773 529 884 596; x_wconf 90' lang='lat' dir='ltr'><strong>mimis</strong></span> <span class='ocrx_word' id='word_1_11' title='bbox 905 533 1077 618; x_wconf 86' lang='lat' dir='ltr'><strong>praecipue</strong></span> <span class='ocrx_word' id='word_1_12' title='bbox 1098 555 1159 599; x_wconf 86' lang='lat' dir='ltr'><strong>vo·</strong></span> 
     </span>
     <span class='ocr_line' id='line_1_3' title="bbox 94 631 1161 715; baseline 0.006 -22"><span class='ocrx_word' id='word_1_13' title='bbox 94 637 160 694; x_wconf 86' lang='lat' dir='ltr'><strong>cunt</strong></span> <span class='ocrx_word' id='word_1_14' title='bbox 182 631 356 696; x_wconf 80' lang='lat' dir='ltr'><strong>obscenam</strong></span> <span class='ocrx_word' id='word_1_15' title='bbox 384 639 511 715; x_wconf 84' lang='lat' dir='ltr'><strong>partem</strong></span> <span class='ocrx_word' id='word_1_16' title='bbox 539 633 663 698; x_wconf 65' lang='lat' dir='ltr'><strong>erilem</strong></span> <span class='ocrx_word' id='word_1_17' title='bbox 695 653 725 711; x_wconf 84' lang='lat' dir='ltr'><strong>s,</strong></span> <span class='ocrx_word' id='word_1_18' title='bbox 755 635 776 698; x_wconf 84' lang='lat' dir='ltr'><strong>s</strong></span> <span class='ocrx_word' id='word_1_19' title='bbox 801 633 977 698; x_wconf 69' lang='lat' dir='ltr'><strong>salacitate</strong></span> <span class='ocrx_word' id='word_1_20' title='bbox 1005 635 1161 700; x_wconf 81' lang='lat' dir='ltr'><strong>videlicet</strong></span> 
     </span>
     <span class='ocr_line' id='line_1_4' title="bbox 92 731 1161 817; baseline 0.007 -22"><span class='ocrx_word' id='word_1_21' title='bbox 92 733 227 814; x_wconf 68' lang='lat' dir='ltr'><strong>menois,</strong></span> <span class='ocrx_word' id='word_1_22' title='bbox 248 733 307 816; x_wconf 93' lang='lat' dir='ltr'><strong>qui</strong></span> <span class='ocrx_word' id='word_1_23' title='bbox 331 731 452 798; x_wconf 79' lang='lat' dir='ltr'><strong>Graece</strong></span> <span class='ocrx_word' id='word_1_24' title='bbox 474 734 623 798; x_wconf 82' lang='lat' dir='ltr'><strong>struthos</strong></span> <span class='ocrx_word' id='word_1_25' title='bbox 649 733 780 799; x_wconf 87' lang='lat' dir='ltr'><strong>dicitur.</strong></span> <span class='ocrx_word' id='word_1_26' title='bbox 824 735 977 801; x_wconf 80' lang='lat' dir='ltr'><strong>Streuam</strong></span> <span class='ocrx_word' id='word_1_27' title='bbox 991 755 1161 817; x_wconf 81' lang='lat' dir='ltr'><strong>vocemus,</strong></span> 
     </span>
     <span class='ocr_line' id='line_1_5' title="bbox 92 833 1161 921; baseline 0.007 -25"><span class='ocrx_word' id='word_1_28' title='bbox 92 853 157 914; x_wconf 83' lang='lat' dir='ltr'><strong>qum</strong></span> <span class='ocrx_word' id='word_1_29' title='bbox 174 833 263 898; x_wconf 84' lang='lat' dir='ltr'><strong>detur</strong></span> <span class='ocrx_word' id='word_1_30' title='bbox 284 833 340 898; x_wconf 81' lang='lat' dir='ltr'><strong>die</strong></span> <span class='ocrx_word' id='word_1_31' title='bbox 357 835 523 917; x_wconf 84' lang='lat' dir='ltr'><strong>religioso,</strong></span> <span class='ocrx_word' id='word_1_32' title='bbox 542 837 663 900; x_wconf 87' lang='lat' dir='ltr'><strong>ominis</strong></span> <span class='ocrx_word' id='word_1_33' title='bbox 685 837 764 902; x_wconf 87' lang='lat' dir='ltr'><strong>boni</strong></span> <span class='ocrx_word' id='word_1_34' title='bbox 777 837 884 920; x_wconf 81' lang='lat' dir='ltr'><strong>gretie</strong></span> <span class='ocrx_word' id='word_1_35' title='bbox 899 858 920 901; x_wconf 87' lang='lat' dir='ltr'><strong>s</strong></span> <span class='ocrx_word' id='word_1_36' title='bbox 933 857 1161 921; x_wconf 65' lang='lat' dir='ltr'><strong>numeroque</strong></span> 
     </span>
     <span class='ocr_line' id='line_1_6' title="bbox 91 934 1162 1020; baseline 0.007 -24"><span class='ocrx_word' id='word_1_37' title='bbox 91 934 273 1016; x_wconf 74' lang='lat' dir='ltr'><strong>significetur</strong></span> <span class='ocrx_word' id='word_1_38' title='bbox 287 935 437 1013; x_wconf 80' lang='lat' dir='ltr'><strong>eliorum,</strong></span> <span class='ocrx_word' id='word_1_39' title='bbox 459 937 649 1020; x_wconf 83' lang='lat' dir='ltr'><strong>initiumq.¹³</strong></span> <span class='ocrx_word' id='word_1_40' title='bbox 666 946 838 1003; x_wconf 86' lang='lat' dir='ltr'><strong>venturum</strong></span> <span class='ocrx_word' id='word_1_41' title='bbox 858 938 978 1003; x_wconf 82' lang='lat' dir='ltr'><strong>similis</strong></span> <span class='ocrx_word' id='word_1_42' title='bbox 995 939 1162 1004; x_wconf 88' lang='lat' dir='ltr'><strong>commodi</strong></span> 
     </span>
     <span class='ocr_line' id='line_1_7' title="bbox 89 1036 1164 1122; baseline 0.007 -23"><span class='ocrx_word' id='word_1_43' title='bbox 89 1036 181 1100; x_wconf 85' lang='lat' dir='ltr'><strong>velati</strong></span> <span class='ocrx_word' id='word_1_44' title='bbox 200 1044 338 1115; x_wconf 81' lang='lat' dir='ltr'><strong>tronum,</strong></span> <span class='ocrx_word' id='word_1_45' title='bbox 362 1039 546 1122; x_wconf 83' lang='lat' dir='ltr'><strong>praeposite</strong></span> <span class='ocrx_word' id='word_1_46' title='bbox 568 1058 585 1102; x_wconf 88' lang='lat' dir='ltr'><strong>s</strong></span> <span class='ocrx_word' id='word_1_47' title='bbox 606 1039 716 1117; x_wconf 86' lang='lat' dir='ltr'><strong>litere,</strong></span> <span class='ocrx_word' id='word_1_48' title='bbox 734 1044 771 1103; x_wconf 92' lang='lat' dir='ltr'><strong>ut</strong></span> <span class='ocrx_word' id='word_1_49' title='bbox 789 1040 824 1105; x_wconf 91' lang='lat' dir='ltr'><strong>in</strong></span> <span class='ocrx_word' id='word_1_50' title='bbox 839 1041 926 1118; x_wconf 90' lang='lat' dir='ltr'><strong>loco,</strong></span> <span class='ocrx_word' id='word_1_51' title='bbox 942 1049 976 1106; x_wconf 88' lang='lat' dir='ltr'><strong>et</strong></span> <span class='ocrx_word' id='word_1_52' title='bbox 997 1041 1058 1106; x_wconf 84' lang='lat' dir='ltr'><strong>lite</strong></span> <span class='ocrx_word' id='word_1_53' title='bbox 1073 1042 1164 1106; x_wconf 89' lang='lat' dir='ltr'><strong>sole.</strong></span> 
     </span>
     <span class='ocr_line' id='line_1_8' title="bbox 88 1138 1164 1227; baseline 0.007 -27"><span class='ocrx_word' id='word_1_54' title='bbox 88 1138 161 1201; x_wconf 85' lang='lat' dir='ltr'><strong>bant</strong></span> <span class='ocrx_word' id='word_1_55' title='bbox 172 1139 305 1223; x_wconf 84' lang='lat' dir='ltr'><strong>antiqui.</strong></span> <span class='ocrx_word' id='word_1_56' title='bbox 348 1139 504 1204; x_wconf 82' lang='lat' dir='ltr'><strong>Strebule</strong></span> <span class='ocrx_word' id='word_1_57' title='bbox 523 1138 684 1205; x_wconf 88' lang='lat' dir='ltr'><strong>Umbrica</strong></span> <span class='ocrx_word' id='word_1_58' title='bbox 698 1141 834 1206; x_wconf 86' lang='lat' dir='ltr'><strong>nomiae</strong></span> <span class='ocrx_word' id='word_1_59' title='bbox 850 1140 994 1208; x_wconf 86' lang='lat' dir='ltr'><strong>Pieutus</strong></span> <span class='ocrx_word' id='word_1_60' title='bbox 1016 1144 1164 1227; x_wconf 80' lang='lat' dir='ltr'><strong>appellet</strong></span> 
     </span>
     <span class='ocr_line' id='line_1_9' title="bbox 87 1239 1163 1330; baseline 0.005 -26"><span class='ocrx_word' id='word_1_61' title='bbox 87 1239 277 1305; x_wconf 75' lang='lat' dir='ltr'><strong>coxendices</strong></span> <span class='ocrx_word' id='word_1_62' title='bbox 291 1240 383 1325; x_wconf 80' lang='lat'>[122]</span> <span class='ocrx_word' id='word_1_63' title='bbox 406 1241 603 1319; x_wconf 76' lang='lat' dir='ltr'><strong>hostiarum,</strong></span> <span class='ocrx_word' id='word_1_64' title='bbox 625 1260 712 1326; x_wconf 86' lang='lat' dir='ltr'><strong>quos</strong></span> <span class='ocrx_word' id='word_1_65' title='bbox 739 1241 843 1308; x_wconf 81' lang='lat' dir='ltr'><strong>Greci</strong></span> <span class='ocrx_word' id='word_1_66' title='bbox 865 1241 1083 1328; x_wconf 74' lang='lat' dir='ltr'><strong>pupiadicant,</strong></span> <span class='ocrx_word' id='word_1_67' title='bbox 1096 1265 1163 1330; x_wconf 81' lang='lat' dir='ltr'><strong>qua</strong></span> 
     </span>
     <span class='ocr_line' id='line_1_10' title="bbox 86 1339 1157 1426; baseline 0.007 -22"><span class='ocrx_word' id='word_1_68' title='bbox 86 1342 120 1404; x_wconf 92' lang='lat' dir='ltr'><strong>in</strong></span> <span class='ocrx_word' id='word_1_69' title='bbox 132 1341 241 1406; x_wconf 79' lang='lat' dir='ltr'><strong>ulteria</strong></span> <span class='ocrx_word' id='word_1_70' title='bbox 257 1341 376 1426; x_wconf 87' lang='lat' dir='ltr'><strong>imponi</strong></span> <span class='ocrx_word' id='word_1_71' title='bbox 388 1341 538 1422; x_wconf 68' lang='lat' dir='ltr'><strong>semlant,</strong></span> <span class='ocrx_word' id='word_1_72' title='bbox 553 1352 588 1406; x_wconf 90' lang='lat' dir='ltr'><strong>ut</strong></span> <span class='ocrx_word' id='word_1_73' title='bbox 604 1339 750 1408; x_wconf 84' lang='lat' dir='ltr'><strong>Plautus</strong></span> <span class='ocrx_word' id='word_1_74' title='bbox 762 1346 812 1410; x_wconf 85' lang='lat' dir='ltr'><strong>eit</strong></span> <span class='ocrx_word' id='word_1_75' title='bbox 826 1345 861 1410; x_wconf 86' lang='lat' dir='ltr'><strong>in</strong></span> <span class='ocrx_word' id='word_1_76' title='bbox 877 1343 1057 1410; x_wconf 82' lang='lat' dir='ltr'><strong>Friuolaria</strong></span> <span class='ocrx_word' id='word_1_77' title='bbox 1075 1345 1157 1411; x_wconf 86' lang='lat' dir='ltr'><strong>Stre·</strong></span> 
     </span>
     <span class='ocr_line' id='line_1_11' title="bbox 86 1431 1163 1538; baseline 0.006 -34"><span class='ocrx_word' id='word_1_78' title='bbox 86 1431 279 1524; x_wconf 76' lang='lat' dir='ltr'><strong>buinoguiuu</strong></span> <span class='ocrx_word' id='word_1_79' title='bbox 293 1450 369 1508; x_wconf 82' lang='lat' dir='ltr'><strong>teuc</strong></span> <span class='ocrx_word' id='word_1_80' title='bbox 435 1491 443 1507; x_wconf 98' lang='lat'><strong>.</strong></span> <span class='ocrx_word' id='word_1_81' title='bbox 531 1487 540 1506; x_wconf 83' lang='lat'><strong>.</strong></span> <span class='ocrx_word' id='word_1_82' title='bbox 629 1490 637 1505; x_wconf 89' lang='lat'><strong>.</strong></span> <span class='ocrx_word' id='word_1_83' title='bbox 726 1492 734 1509; x_wconf 98' lang='lat'><strong>.</strong></span> <span class='ocrx_word' id='word_1_84' title='bbox 800 1445 902 1510; x_wconf 77' lang='lat' dir='ltr'><strong>bulis·</strong></span> <span class='ocrx_word' id='word_1_85' title='bbox 945 1447 1054 1516; x_wconf 83' lang='lat' dir='ltr'><strong>Stleta</strong></span> <span class='ocrx_word' id='word_1_86' title='bbox 1066 1467 1163 1538; x_wconf 79' lang='lat' dir='ltr'><strong>genus</strong></span> 
     </span>
     <span class='ocr_line' id='line_1_12' title="bbox 84 1543 1164 1630; baseline 0.007 -26"><span class='ocrx_word' id='word_1_87' title='bbox 84 1553 149 1606; x_wconf 83' lang='lat' dir='ltr'><strong>erat</strong></span> <span class='ocrx_word' id='word_1_88' title='bbox 160 1543 285 1629; x_wconf 85' lang='lat' dir='ltr'><strong>nauigii,</strong></span> <span class='ocrx_word' id='word_1_89' title='bbox 300 1546 403 1611; x_wconf 82' lang='lat' dir='ltr'><strong>latura</strong></span> <span class='ocrx_word' id='word_1_90' title='bbox 416 1543 529 1625; x_wconf 81' lang='lat' dir='ltr'><strong>magis,</strong></span> <span class='ocrx_word' id='word_1_91' title='bbox 543 1563 635 1629; x_wconf 86' lang='lat' dir='ltr'><strong>quem</strong></span> <span class='ocrx_word' id='word_1_92' title='bbox 650 1543 762 1622; x_wconf 84' lang='lat' dir='ltr'><strong>altum,</strong></span> <span class='ocrx_word' id='word_1_93' title='bbox 772 1543 815 1608; x_wconf 85' lang='lat' dir='ltr'><strong>ric</strong></span> <span class='ocrx_word' id='word_1_94' title='bbox 830 1547 1039 1630; x_wconf 77' lang='lat' dir='ltr'><strong>appellatum</strong></span> <span class='ocrx_word' id='word_1_95' title='bbox 1055 1570 1076 1610; x_wconf 90' lang='lat' dir='ltr'><strong>a</strong></span> <span class='ocrx_word' id='word_1_96' title='bbox 1091 1547 1164 1612; x_wconf 84' lang='lat' dir='ltr'><strong>lati·</strong></span> 
     </span>
     <span class='ocr_line' id='line_1_13' title="bbox 83 1642 1162 1730; baseline 0.006 -24"><span class='ocrx_word' id='word_1_97' title='bbox 83 1642 192 1724; x_wconf 66' lang='lat' dir='ltr'><strong>tritine,</strong></span> <span class='ocrx_word' id='word_1_98' title='bbox 206 1643 258 1709; x_wconf 82' lang='lat' dir='ltr'><strong>red</strong></span> <span class='ocrx_word' id='word_1_99' title='bbox 269 1665 305 1710; x_wconf 92' lang='lat' dir='ltr'><strong>ea</strong></span> <span class='ocrx_word' id='word_1_100' title='bbox 320 1645 564 1723; x_wconf 83' lang='lat' dir='ltr'><strong>consuetudine,</strong></span> <span class='ocrx_word' id='word_1_101' title='bbox 580 1666 642 1730; x_wconf 89' lang='lat' dir='ltr'><strong>qun</strong></span> <span class='ocrx_word' id='word_1_102' title='bbox 657 1644 782 1710; x_wconf 82' lang='lat' dir='ltr'><strong>stlocum</strong></span> <span class='ocrx_word' id='word_1_103' title='bbox 800 1665 860 1730; x_wconf 86' lang='lat' dir='ltr'><strong>pro</strong></span> <span class='ocrx_word' id='word_1_104' title='bbox 876 1645 983 1725; x_wconf 80' lang='lat' dir='ltr'><strong>locum,</strong></span> <span class='ocrx_word' id='word_1_105' title='bbox 999 1660 1029 1713; x_wconf 88' lang='lat' dir='ltr'><strong>et</strong></span> <span class='ocrx_word' id='word_1_106' title='bbox 1042 1647 1162 1713; x_wconf 85' lang='lat' dir='ltr'><strong>stlitem</strong></span> 
     </span>
     <span class='ocr_line' id='line_1_14' title="bbox 81 1744 1164 1831; baseline 0 -19"><span class='ocrx_word' id='word_1_107' title='bbox 81 1747 203 1831; x_wconf 83' lang='lat' dir='ltr'><strong>antiqui</strong></span> <span class='ocrx_word' id='word_1_108' title='bbox 222 1769 283 1831; x_wconf 90' lang='lat' dir='ltr'><strong>pro</strong></span> <span class='ocrx_word' id='word_1_109' title='bbox 309 1746 393 1811; x_wconf 89' lang='lat' dir='ltr'><strong>litem</strong></span> <span class='ocrx_word' id='word_1_110' title='bbox 418 1746 569 1811; x_wconf 82' lang='lat' dir='ltr'><strong>dicebant.</strong></span> <span class='ocrx_word' id='word_1_111' title='bbox 614 1744 779 1824; x_wconf 77' lang='lat' dir='ltr'><strong>Stlemluo,</strong></span> <span class='ocrx_word' id='word_1_112' title='bbox 801 1751 924 1831; x_wconf 79' lang='lat' dir='ltr'><strong>gravis,</strong></span> <span class='ocrx_word' id='word_1_113' title='bbox 943 1746 1060 1827; x_wconf 80' lang='lat' dir='ltr'><strong>tardus,</strong></span> <span class='ocrx_word' id='word_1_114' title='bbox 1085 1749 1164 1814; x_wconf 84' lang='lat' dir='ltr'><strong>sicut</strong></span> 
     </span>
     <span class='ocr_line' id='line_1_15' title="bbox 82 1843 1163 1932; baseline 0.005 -24"><span class='ocrx_word' id='word_1_115' title='bbox 82 1843 218 1910; x_wconf 78' lang='lat' dir='ltr'><strong>Lucilius</strong></span> <span class='ocrx_word' id='word_1_116' title='bbox 304 1895 312 1911; x_wconf 97' lang='lat'><strong>.</strong></span> <span class='ocrx_word' id='word_1_117' title='bbox 400 1894 407 1909; x_wconf 94' lang='lat'><strong>.</strong></span> <span class='ocrx_word' id='word_1_118' title='bbox 498 1847 657 1930; x_wconf 81' lang='lat' dir='ltr'><strong>Apulidae</strong></span> <span class='ocrx_word' id='word_1_119' title='bbox 667 1845 797 1932; x_wconf 86' lang='lat' dir='ltr'><strong>pedibus</strong></span> <span class='ocrx_word' id='word_1_120' title='bbox 811 1847 970 1912; x_wconf 72' lang='lat' dir='ltr'><strong>stlembum</strong></span> <span class='ocrx_word' id='word_1_121' title='bbox 985 1847 1074 1925; x_wconf 76' lang='lat' dir='ltr'><strong>dicit,</strong></span> <span class='ocrx_word' id='word_1_122' title='bbox 1087 1869 1163 1913; x_wconf 87' lang='lat' dir='ltr'><strong>cum</strong></span> 
     </span>
     <span class='ocr_line' id='line_1_16' title="bbox 79 1947 1164 2035; baseline 0 -25"><span class='ocrx_word' id='word_1_123' title='bbox 79 1947 174 2012; x_wconf 86' lang='lat' dir='ltr'><strong>refert</strong></span> <span class='ocrx_word' id='word_1_124' title='bbox 196 1963 306 2033; x_wconf 80' lang='lat' dir='ltr'><strong>equum</strong></span> <span class='ocrx_word' id='word_1_125' title='bbox 326 1950 455 2035; x_wconf 85' lang='lat' dir='ltr'><strong>pigrum</strong></span> <span class='ocrx_word' id='word_1_126' title='bbox 479 1960 509 2012; x_wconf 91' lang='lat' dir='ltr'><strong>et</strong></span> <span class='ocrx_word' id='word_1_127' title='bbox 532 1947 665 2012; x_wconf 83' lang='lat' dir='ltr'><strong>tardum.</strong></span> <span class='ocrx_word' id='word_1_128' title='bbox 709 1949 931 2014; x_wconf 72' lang='lat' dir='ltr'><strong>Stationemu</strong></span> <span class='ocrx_word' id='word_1_129' title='bbox 959 1969 1052 2031; x_wconf 84' lang='lat' dir='ltr'><strong>genus</strong></span> <span class='ocrx_word' id='word_1_130' title='bbox 1075 1949 1164 2011; x_wconf 85' lang='lat' dir='ltr'><strong>aiunt</strong></span> 
     </span>
     <span class='ocr_line' id='line_1_17' title="bbox 80 2045 1165 2136; baseline 0.006 -28"><span class='ocrx_word' id='word_1_131' title='bbox 80 2045 207 2128; x_wconf 83' lang='lat' dir='ltr'><strong>lacerta,</strong></span> <span class='ocrx_word' id='word_1_132' title='bbox 221 2050 305 2136; x_wconf 76' lang='lat' dir='ltr'><strong>quoti</strong></span> <span class='ocrx_word' id='word_1_133' title='bbox 316 2051 455 2116; x_wconf 83' lang='lat' dir='ltr'><strong>Verrius</strong></span> <span class='ocrx_word' id='word_1_134' title='bbox 471 2050 592 2114; x_wconf 88' lang='lat' dir='ltr'><strong>dictum</strong></span> <span class='ocrx_word' id='word_1_135' title='bbox 607 2051 664 2126; x_wconf 82' lang='lat' dir='ltr'><strong>ait,</strong></span> <span class='ocrx_word' id='word_1_136' title='bbox 681 2048 755 2132; x_wconf 86' lang='lat' dir='ltr'><strong>qaia</strong></span> <span class='ocrx_word' id='word_1_137' title='bbox 779 2047 864 2112; x_wconf 79' lang='lat' dir='ltr'><strong>uirus</strong></span> <span class='ocrx_word' id='word_1_138' title='bbox 885 2050 988 2114; x_wconf 85' lang='lat' dir='ltr'><strong>stillet</strong></span> <span class='ocrx_word' id='word_1_139' title='bbox 1003 2051 1092 2127; x_wconf 91' lang='lat' dir='ltr'><strong>cibo,</strong></span> <span class='ocrx_word' id='word_1_140' title='bbox 1108 2070 1165 2132; x_wconf 87' lang='lat' dir='ltr'><strong>po-</strong></span> 
     </span>
     <span class='ocr_line' id='line_1_18' title="bbox 77 2145 1166 2237; baseline 0.004 -26"><span class='ocrx_word' id='word_1_141' title='bbox 77 2150 152 2228; x_wconf 83' lang='lat' dir='ltr'><strong>tius,</strong></span> <span class='ocrx_word' id='word_1_142' title='bbox 166 2173 258 2237; x_wconf 84' lang='lat' dir='ltr'><strong>quam</strong></span> <span class='ocrx_word' id='word_1_143' title='bbox 271 2151 355 2236; x_wconf 81' lang='lat' dir='ltr'><strong>quod</strong></span> <span class='ocrx_word' id='word_1_144' title='bbox 366 2150 446 2216; x_wconf 78' lang='lat' dir='ltr'><strong>alibi</strong></span> <span class='ocrx_word' id='word_1_145' title='bbox 458 2158 482 2199; x_wconf 81' lang='lat'><strong>¹⁵</strong></span> <span class='ocrx_word' id='word_1_146' title='bbox 497 2171 519 2214; x_wconf 83' lang='lat' dir='ltr'><strong>a</strong></span> <span class='ocrx_word' id='word_1_147' title='bbox 532 2149 704 2214; x_wconf 80' lang='lat' dir='ltr'><strong>stellarum</strong></span> <span class='ocrx_word' id='word_1_148' title='bbox 720 2145 931 2236; x_wconf 78' lang='lat' dir='ltr'><strong>similitudine,</strong></span> <span class='ocrx_word' id='word_1_149' title='bbox 947 2149 1020 2234; x_wconf 87' lang='lat' dir='ltr'><strong>quia</strong></span> <span class='ocrx_word' id='word_1_150' title='bbox 1034 2151 1166 2214; x_wconf 86' lang='lat' dir='ltr'><strong>verium</strong></span> 
     </span>
     <span class='ocr_line' id='line_1_19' title="bbox 77 2249 1165 2338; baseline -0.003 -22"><span class='ocrx_word' id='word_1_151' title='bbox 77 2257 142 2316; x_wconf 88' lang='lat' dir='ltr'><strong>est.</strong></span> <span class='ocrx_word' id='word_1_152' title='bbox 186 2251 322 2338; x_wconf 77' lang='lat' dir='ltr'><strong>Stipem‘</strong></span> <span class='ocrx_word' id='word_1_153' title='bbox 347 2250 488 2316; x_wconf 83' lang='lat' dir='ltr'><strong>dicebant</strong></span> <span class='ocrx_word' id='word_1_154' title='bbox 508 2251 679 2338; x_wconf 76' lang='lat' dir='ltr'><strong>proauiam</strong></span> <span class='ocrx_word' id='word_1_155' title='bbox 695 2251 868 2332; x_wconf 77' lang='lat' dir='ltr'><strong>signatam,</strong></span> <span class='ocrx_word' id='word_1_156' title='bbox 880 2249 964 2335; x_wconf 84' lang='lat' dir='ltr'><strong>quod</strong></span> <span class='ocrx_word' id='word_1_157' title='bbox 975 2250 1165 2335; x_wconf 76' lang='lat' dir='ltr'><strong>stiparetur:</strong></span> 
     </span>
     <span class='ocr_line' id='line_1_20' title="bbox 73 2349 1168 2439; baseline -0.001 -23"><span class='ocrx_word' id='word_1_158' title='bbox 73 2353 153 2418; x_wconf 87' lang='lat' dir='ltr'><strong>ideo</strong></span> <span class='ocrx_word' id='word_1_159' title='bbox 167 2355 320 2439; x_wconf 81' lang='lat' dir='ltr'><strong>stipulari</strong></span> <span class='ocrx_word' id='word_1_160' title='bbox 334 2353 449 2418; x_wconf 84' lang='lat' dir='ltr'><strong>dicitnr</strong></span> <span class='ocrx_word' id='word_1_161' title='bbox 472 2354 510 2431; x_wconf 79' lang='lat' dir='ltr'><strong>is,</strong></span> <span class='ocrx_word' id='word_1_162' title='bbox 535 2351 590 2438; x_wconf 86' lang='lat' dir='ltr'><strong>qui</strong></span> <span class='ocrx_word' id='word_1_163' title='bbox 613 2350 838 2431; x_wconf 76' lang='lat' dir='ltr'><strong>interrogatus,</strong></span> <span class='ocrx_word' id='word_1_164' title='bbox 862 2349 987 2434; x_wconf 78' lang='lat' dir='ltr'><strong>spondet</strong></span> <span class='ocrx_word' id='word_1_165' title='bbox 1001 2351 1119 2435; x_wconf 81' lang='lat' dir='ltr'><strong>stipem,</strong></span> <span class='ocrx_word' id='word_1_166' title='bbox 1132 2351 1168 2415; x_wconf 84' lang='lat' dir='ltr'><strong>id</strong></span> 
     </span>
     <span class='ocr_line' id='line_1_21' title="bbox 72 2447 1169 2541; baseline -0.002 -23"><span class='ocrx_word' id='word_1_167' title='bbox 72 2465 130 2532; x_wconf 80' lang='lat' dir='ltr'><strong>est,</strong></span> <span class='ocrx_word' id='word_1_168' title='bbox 147 2475 220 2520; x_wconf 86' lang='lat' dir='ltr'><strong>ees.·</strong></span> <span class='ocrx_word' id='word_1_169' title='bbox 250 2456 409 2541; x_wconf 69' lang='lat' dir='ltr'><strong>Stirpemd</strong></span> <span class='ocrx_word' id='word_1_170' title='bbox 421 2456 453 2518; x_wconf 88' lang='lat' dir='ltr'><strong>in</strong></span> <span class='ocrx_word' id='word_1_171' title='bbox 467 2453 633 2526; x_wconf 76' lang='lat' dir='ltr'><strong>mascrrlino</strong></span> <span class='ocrx_word' id='word_1_172' title='bbox 645 2471 757 2539; x_wconf 83' lang='lat' dir='ltr'><strong>genere</strong></span> <span class='ocrx_word' id='word_1_173' title='bbox 765 2452 893 2535; x_wconf 81' lang='lat' dir='ltr'><strong>antiqui</strong></span> <span class='ocrx_word' id='word_1_174' title='bbox 906 2463 1096 2536; x_wconf 83' lang='lat' dir='ltr'><strong>usurparant</strong></span> <span class='ocrx_word' id='word_1_175' title='bbox 1106 2447 1169 2537; x_wconf 85' lang='lat' dir='ltr'><strong>pro</strong></span> 
     </span>
     <span class='ocr_line' id='line_1_22' title="bbox 71 2551 1166 2641; baseline -0.002 -21"><span class='ocrx_word' id='word_1_176' title='bbox 71 2577 108 2620; x_wconf 89' lang='lat' dir='ltr'><strong>eo</strong></span> <span class='ocrx_word' id='word_1_177' title='bbox 125 2555 209 2641; x_wconf 85' lang='lat' dir='ltr'><strong>qaod</strong></span> <span class='ocrx_word' id='word_1_178' title='bbox 221 2567 276 2633; x_wconf 77' lang='lat' dir='ltr'><strong>est,</strong></span> <span class='ocrx_word' id='word_1_179' title='bbox 285 2557 416 2634; x_wconf 83' lang='lat' dir='ltr'><strong>semine,</strong></span> <span class='ocrx_word' id='word_1_180' title='bbox 430 2553 644 2639; x_wconf 76' lang='lat' dir='ltr'><strong>metaphorice</strong></span> <span class='ocrx_word' id='word_1_181' title='bbox 663 2551 804 2630; x_wconf 76' lang='lat' dir='ltr'><strong>dicentes,</strong></span> <span class='ocrx_word' id='word_1_182' title='bbox 823 2552 921 2637; x_wconf 84' lang='lat' dir='ltr'><strong>po&#39;e&#39;ta</strong></span> <span class='ocrx_word' id='word_1_183' title='bbox 939 2573 1017 2639; x_wconf 86' lang='lat' dir='ltr'><strong>quse</strong></span> <span class='ocrx_word' id='word_1_184' title='bbox 1031 2573 1119 2620; x_wconf 89' lang='lat' dir='ltr'><strong>nunc</strong></span> <span class='ocrx_word' id='word_1_185' title='bbox 1132 2556 1166 2618; x_wconf 92' lang='lat' dir='ltr'><strong>in</strong></span> 
     </span>
    </p>
   </div>
   <div class='ocr_carea' id='block_1_3' title="bbox 55 2653 1286 2744">
    <p class='ocr_par' dir='ltr' id='par_1_3' title="bbox 55 2653 1286 2744">
     <span class='ocr_line' id='line_1_23' title="bbox 55 2653 1286 2744; baseline -0.002 -25"><span class='ocrx_word' id='word_1_186' title='bbox 55 2655 215 2740; x_wconf 64' lang='lat' dir='ltr'><strong>sereneo</strong></span> <span class='ocrx_word' id='word_1_187' title='bbox 226 2657 392 2744; x_wconf 49' lang='lat' dir='ltr'><strong>prosternat</strong></span> <span class='ocrx_word' id='word_1_188' title='bbox 402 2677 523 2744; x_wconf 84' lang='lat' dir='ltr'><strong>genere.</strong></span> <span class='ocrx_word' id='word_1_189' title='bbox 568 2656 702 2721; x_wconf 82' lang='lat' dir='ltr'><strong>Livius:</strong></span> <span class='ocrx_word' id='word_1_190' title='bbox 714 2653 861 2722; x_wconf 81' lang='lat' dir='ltr'><strong>Tradunt</strong></span> <span class='ocrx_word' id='word_1_191' title='bbox 865 2653 1014 2741; x_wconf 85' lang='lat' dir='ltr'><strong>familias</strong></span> <span class='ocrx_word' id='word_1_192' title='bbox 1028 2657 1167 2740; x_wconf 55' lang='lat' dir='ltr'><strong>quorunss</strong></span> <span class='ocrx_word' id='word_1_193' title='bbox 1283 2709 1286 2716; x_wconf 91' lang='lat'><strong>.</strong></span> 
     </span>
    </p>
   </div>
   <div class='ocr_carea' id='block_1_4' title="bbox 56 2755 1169 3346">
    <p class='ocr_par' dir='ltr' id='par_1_4' title="bbox 56 2755 1169 3346">
     <span class='ocr_line' id='line_1_24' title="bbox 68 2755 1166 2844; baseline -0.001 -22"><span class='ocrx_word' id='word_1_194' title='bbox 68 2759 152 2823; x_wconf 82' lang='lat' dir='ltr'><strong>dem</strong></span> <span class='ocrx_word' id='word_1_195' title='bbox 169 2757 387 2824; x_wconf 64' lang='lat' dir='ltr'><strong>Romanorum</strong></span> <span class='ocrx_word' id='word_1_196' title='bbox 406 2757 540 2844; x_wconf 61' lang='lat' dir='ltr'><strong>Trrpano</strong></span> <span class='ocrx_word' id='word_1_197' title='bbox 554 2756 648 2839; x_wconf 84' lang='lat' dir='ltr'><strong>stirpe</strong></span> <span class='ocrx_word' id='word_1_198' title='bbox 659 2755 915 2830; x_wconf 72' lang='lat' dir='ltr'><strong>antecouditum</strong></span> <span class='ocrx_word' id='word_1_199' title='bbox 931 2755 1075 2820; x_wconf 83' lang='lat' dir='ltr'><strong>Romam</strong></span> <span class='ocrx_word' id='word_1_200' title='bbox 1093 2779 1166 2840; x_wconf 84' lang='lat' dir='ltr'><strong>pro-</strong></span> 
     </span>
     <span class='ocr_line' id='line_1_25' title="bbox 66 2855 1167 2940; baseline 0.001 -18"><span class='ocrx_word' id='word_1_201' title='bbox 66 2869 203 2924; x_wconf 84' lang='lat' dir='ltr'><strong>creatas.</strong></span> <span class='ocrx_word' id='word_1_202' title='bbox 249 2859 335 2924; x_wconf 84' lang='lat' dir='ltr'><strong>Idem</strong></span> <span class='ocrx_word' id='word_1_203' title='bbox 351 2859 490 2925; x_wconf 81' lang='lat' dir='ltr'><strong>Liuius:</strong></span> <span class='ocrx_word' id='word_1_204' title='bbox 517 2857 697 2940; x_wconf 84' lang='lat' dir='ltr'><strong>Ostrymon</strong></span> <span class='ocrx_word' id='word_1_205' title='bbox 712 2855 865 2940; x_wconf 83' lang='lat' dir='ltr'><strong>quendam</strong></span> <span class='ocrx_word' id='word_1_206' title='bbox 880 2867 1048 2920; x_wconf 73' lang='lat' dir='ltr'><strong>numeram</strong></span> <span class='ocrx_word' id='word_1_207' title='bbox 1063 2859 1167 2923; x_wconf 85' lang='lat' dir='ltr'><strong>Graio</strong></span> 
     </span>
     <span class='ocr_line' id='line_1_26' title="bbox 63 2956 1169 3044; baseline -0.004 -20"><span class='ocrx_word' id='word_1_208' title='bbox 63 2959 179 3044; x_wconf 85' lang='lat' dir='ltr'><strong>stirpe</strong></span> <span class='ocrx_word' id='word_1_209' title='bbox 201 2961 352 3026; x_wconf 81' lang='lat' dir='ltr'><strong>extitisse.</strong></span> <span class='ocrx_word' id='word_1_210' title='bbox 398 2959 518 3024; x_wconf 79' lang='lat' dir='ltr'><strong>Ennius</strong></span> <span class='ocrx_word' id='word_1_211' title='bbox 540 2956 659 3023; x_wconf 82' lang='lat' dir='ltr'><strong>Annei.</strong></span> <span class='ocrx_word' id='word_1_212' title='bbox 676 2958 813 3030; x_wconf 62' lang='lat' dir='ltr'><strong>,nomine</strong></span> <span class='ocrx_word' id='word_1_213' title='bbox 836 2956 976 3041; x_wconf 82' lang='lat' dir='ltr'><strong>Pyrrhus</strong></span> <span class='ocrx_word' id='word_1_214' title='bbox 996 2957 1044 3019; x_wconf 86' lang='lat' dir='ltr'><strong>uti</strong></span> <span class='ocrx_word' id='word_1_215' title='bbox 1058 2977 1169 3020; x_wconf 87' lang='lat' dir='ltr'><strong>memo-</strong></span> 
     </span>
     <span class='ocr_line' id='line_1_27' title="bbox 61 3064 1168 3146; baseline 0.002 -24"><span class='ocrx_word' id='word_1_216' title='bbox 61 3071 185 3126; x_wconf 80' lang='lat' dir='ltr'><strong>rante</strong></span> <span class='ocrx_word' id='word_1_217' title='bbox 201 3064 304 3145; x_wconf 77' lang='lat' dir='ltr'><strong>stirpe</strong></span> <span class='ocrx_word' id='word_1_218' title='bbox 316 3080 493 3146; x_wconf 83' lang='lat' dir='ltr'><strong>supremo·</strong></span> <span class='ocrx_word' id='word_1_219' title='bbox 567 3102 577 3119; x_wconf 91' lang='lat'><strong>.</strong></span> <span class='ocrx_word' id='word_1_220' title='bbox 664 3103 674 3120; x_wconf 87' lang='lat'><strong>.</strong></span> <span class='ocrx_word' id='word_1_221' title='bbox 762 3100 770 3121; x_wconf 86' lang='lat'><strong>.</strong></span> <span class='ocrx_word' id='word_1_222' title='bbox 859 3099 868 3120; x_wconf 83' lang='lat'><strong>.</strong></span> <span class='ocrx_word' id='word_1_223' title='bbox 965 3065 1030 3135; x_wconf 87' lang='lat' dir='ltr'><strong>est,</strong></span> <span class='ocrx_word' id='word_1_224' title='bbox 1043 3077 1168 3124; x_wconf 84' lang='lat' dir='ltr'><strong>revoca</strong></span> 
     </span>
     <span class='ocr_line' id='line_1_28' title="bbox 57 3157 1168 3247; baseline -0.005 -19"><span class='ocrx_word' id='word_1_225' title='bbox 57 3165 208 3228; x_wconf 82' lang='lat' dir='ltr'><strong>fratrem</strong></span> <span class='ocrx_word' id='word_1_226' title='bbox 221 3163 322 3227; x_wconf 82' lang='lat' dir='ltr'><strong>eodem</strong></span> <span class='ocrx_word' id='word_1_227' title='bbox 336 3162 430 3247; x_wconf 82' lang='lat' dir='ltr'><strong>stirpe</strong></span> <span class='ocrx_word' id='word_1_228' title='bbox 440 3168 641 3246; x_wconf 84' lang='lat' dir='ltr'><strong>prognatum,</strong></span> <span class='ocrx_word' id='word_1_229' title='bbox 656 3157 823 3242; x_wconf 77' lang='lat' dir='ltr'><strong>plaudite:</strong></span> <span class='ocrx_word' id='word_1_230' title='bbox 848 3173 945 3242; x_wconf 84' lang='lat' dir='ltr'><strong>quem</strong></span> <span class='ocrx_word' id='word_1_231' title='bbox 970 3158 1087 3224; x_wconf 77' lang='lat' dir='ltr'><strong>Gallus</strong></span> <span class='ocrx_word' id='word_1_232' title='bbox 1110 3157 1168 3222; x_wconf 68' lang='grc' dir='ltr'><strong>ΛΕ-</strong></span> 
     </span>
     <span class='ocr_line' id='line_1_29' title="bbox 56 3259 1168 3346; baseline -0.002 -20"><span class='ocrx_word' id='word_1_233' title='bbox 56 3263 132 3326; x_wconf 75' lang='lat' dir='ltr'><strong>tius</strong></span> <span class='ocrx_word' id='word_1_234' title='bbox 206 3263 332 3329; x_wconf 85' lang='lat' dir='ltr'><strong>definit:</strong></span> <span class='ocrx_word' id='word_1_235' title='bbox 349 3264 493 3346; x_wconf 86' lang='lat' dir='ltr'><strong>Stirpest</strong></span> <span class='ocrx_word' id='word_1_236' title='bbox 502 3260 527 3302; x_wconf 83' lang='lat'><strong>¹⁶</strong></span> <span class='ocrx_word' id='word_1_237' title='bbox 543 3259 647 3344; x_wconf 78' lang='lat' dir='ltr'><strong>gentis</strong></span> <span class='ocrx_word' id='word_1_238' title='bbox 655 3260 854 3346; x_wconf 79' lang='lat' dir='ltr'><strong>propagatio,</strong></span> <span class='ocrx_word' id='word_1_239' title='bbox 869 3269 903 3323; x_wconf 86' lang='lat' dir='ltr'><strong>ut</strong></span> <span class='ocrx_word' id='word_1_240' title='bbox 918 3262 976 3343; x_wconf 92' lang='lat' dir='ltr'><strong>qai</strong></span> <span class='ocrx_word' id='word_1_241' title='bbox 988 3267 1013 3308; x_wconf 88' lang='lat'><strong>¹⁷</strong></span> <span class='ocrx_word' id='word_1_242' title='bbox 1029 3279 1051 3322; x_wconf 85' lang='lat' dir='ltr'><strong>a</strong></span> <span class='ocrx_word' id='word_1_243' title='bbox 1066 3279 1168 3343; x_wconf 90' lang='lat' dir='ltr'><strong>quoq.</strong></span> 
     </span>
    </p>
   </div>
   <div class='ocr_carea' id='block_1_5' title="bbox 90 3547 1138 3622">
    <p class='ocr_par' dir='ltr' id='par_1_5' title="bbox 90 3547 1138 3622">
     <span class='ocr_line' id='line_1_30' title="bbox 90 3547 1138 3622; baseline -0.004 -14"><span class='ocrx_word' id='word_1_244' title='bbox 90 3561 130 3608; x_wconf 75' lang='lat'><strong>1³</strong></span> <span class='ocrx_word' id='word_1_245' title='bbox 149 3554 171 3608; x_wconf 81' lang='lat' dir='ltr'><strong>f.</strong></span> <span class='ocrx_word' id='word_1_246' title='bbox 183 3559 371 3622; x_wconf 63' lang='lat' dir='ltr'><strong>tertiorum-1⁴</strong></span> <span class='ocrx_word' id='word_1_247' title='bbox 388 3555 407 3608; x_wconf 78' lang='lat' dir='ltr'><strong>t&#39;.</strong></span> <span class='ocrx_word' id='word_1_248' title='bbox 417 3553 625 3609; x_wconf 61' lang='lat' dir='ltr'><strong>stellionem-lt</strong></span> <span class='ocrx_word' id='word_1_249' title='bbox 643 3555 662 3606; x_wconf 82' lang='lat' dir='ltr'><strong>t.</strong></span> <span class='ocrx_word' id='word_1_250' title='bbox 672 3557 790 3606; x_wconf 76' lang='lat' dir='ltr'><strong>otii-to</strong></span> <span class='ocrx_word' id='word_1_251' title='bbox 805 3554 824 3605; x_wconf 85' lang='lat' dir='ltr'><strong>t&#39;.</strong></span> <span class='ocrx_word' id='word_1_252' title='bbox 840 3555 914 3618; x_wconf 78' lang='lat' dir='ltr'><strong>stirps</strong></span> <span class='ocrx_word' id='word_1_253' title='bbox 923 3557 1030 3604; x_wconf 57' lang='lat' dir='ltr'><strong>erte-it</strong></span> <span class='ocrx_word' id='word_1_254' title='bbox 1047 3547 1066 3602; x_wconf 79' lang='lat' dir='ltr'><strong>i.</strong></span> <span class='ocrx_word' id='word_1_255' title='bbox 1078 3552 1138 3617; x_wconf 77' lang='lat' dir='ltr'><strong>quie.</strong></span> 
     </span>
    </p>
   </div>
   <div class='ocr_carea' id='block_1_6' title="bbox 573 3733 680 3784">
    <p class='ocr_par' dir='ltr' id='par_1_6' title="bbox 573 3733 680 3784">
     <span class='ocr_line' id='line_1_31' title="bbox 573 3733 680 3784; baseline 0.009 -1"><span class='ocrx_word' id='word_1_256' title='bbox 573 3733 680 3784; x_wconf 78' lang='lat' dir='ltr'>NOTAE</span> 
     </span>
    </p>
   </div>
   <div class='ocr_carea' id='block_1_7' title="bbox 82 3823 1172 3896">
    <p class='ocr_par' dir='ltr' id='par_1_7' title="bbox 82 3823 1172 3896">
     <span class='ocr_line' id='line_1_32' title="bbox 82 3823 1172 3896; baseline -0.006 -13"><span class='ocrx_word' id='word_1_257' title='bbox 82 3843 97 3871; x_wconf 74' lang='lat'>⁸</span> <span class='ocrx_word' id='word_1_258' title='bbox 106 3833 231 3896; x_wconf 63' lang='lat' dir='ltr'><strong>stipem]</strong></span> <span class='ocrx_word' id='word_1_259' title='bbox 241 3829 525 3894; x_wconf 76' lang='lat' dir='ltr'><strong>Antiqueiurcriptioiu</strong></span> <span class='ocrx_word' id='word_1_260' title='bbox 534 3829 606 3879; x_wconf 83' lang='lat' dir='ltr'><strong>rohe-</strong></span> <span class='ocrx_word' id='word_1_261' title='bbox 644 3823 707 3892; x_wconf 57' lang='lat' dir='ltr'><strong>met,</strong></span> <span class='ocrx_word' id='word_1_262' title='bbox 719 3843 793 3892; x_wconf 82' lang='lat' dir='ltr'><strong>quem</strong></span> <span class='ocrx_word' id='word_1_263' title='bbox 804 3827 960 3879; x_wconf 81' lang='lat' dir='ltr'><strong>Glorrerium</strong></span> <span class='ocrx_word' id='word_1_264' title='bbox 977 3827 1172 3893; x_wconf 81' lang='lat' dir='ltr'><strong>interpretetur,</strong></span> 
     </span>
    </p>
   </div>
   <div class='ocr_carea' id='block_1_8' title="bbox 25 3902 1174 4355">
    <p class='ocr_par' dir='ltr' id='par_1_8' title="bbox 25 3902 1174 4274">
     <span class='ocr_line' id='line_1_33' title="bbox 39 3902 814 3974; baseline -0.008 -13"><span class='ocrx_word' id='word_1_265' title='bbox 39 3914 96 3962; x_wconf 72' lang='lat' dir='ltr'><strong>dtu</strong></span> <span class='ocrx_word' id='word_1_266' title='bbox 112 3909 199 3974; x_wconf 79' lang='lat' dir='ltr'><strong>apud</strong></span> <span class='ocrx_word' id='word_1_267' title='bbox 213 3922 255 3957; x_wconf 77' lang='lat' dir='ltr'><strong>me</strong></span> <span class='ocrx_word' id='word_1_268' title='bbox 271 3909 308 3957; x_wconf 81' lang='lat' dir='ltr'><strong>rio</strong></span> <span class='ocrx_word' id='word_1_269' title='bbox 324 3909 416 3957; x_wconf 76' lang='lat' dir='ltr'><strong>nubet:</strong></span> <span class='ocrx_word' id='word_1_270' title='bbox 434 3921 496 3958; x_wconf 78' lang='lat' dir='ltr'><strong>rrae.</strong></span> <span class='ocrx_word' id='word_1_271' title='bbox 513 3918 606 3957; x_wconf 75' lang='lat' dir='ltr'><strong>cerrus</strong></span> <span class='ocrx_word' id='word_1_272' title='bbox 642 3902 814 3964; x_wconf 68' lang='lat' dir='ltr'><strong>tumuerim.</strong></span> 
     </span>
     <span class='ocr_line' id='line_1_34' title="bbox 34 3979 1173 4043; baseline -0.01 -4"><span class='ocrx_word' id='word_1_273' title='bbox 34 4001 136 4039; x_wconf 81' lang='lat' dir='ltr'><strong>nrvr.</strong></span> <span class='ocrx_word' id='word_1_274' title='bbox 157 3997 188 4036; x_wconf 71' lang='lat' dir='ltr'><strong>s.</strong></span> <span class='ocrx_word' id='word_1_275' title='bbox 207 3997 357 4034; x_wconf 79' lang='lat' dir='ltr'><strong>nuorrrrs</strong></span> <span class='ocrx_word' id='word_1_276' title='bbox 376 3994 623 4033; x_wconf 62' lang='lat' dir='ltr'><strong>santernum-</strong></span> <span class='ocrx_word' id='word_1_277' title='bbox 677 3979 821 4043; x_wconf 72' lang='lat' dir='ltr'><strong>dStirpem]</strong></span> <span class='ocrx_word' id='word_1_278' title='bbox 842 3979 909 4029; x_wconf 85' lang='lat' dir='ltr'><strong>vide</strong></span> <span class='ocrx_word' id='word_1_279' title='bbox 930 3979 956 4028; x_wconf 85' lang='lat' dir='ltr'><strong>io</strong></span> <span class='ocrx_word' id='word_1_280' title='bbox 980 3979 1173 4030; x_wconf 75' lang='lat' dir='ltr'><strong>‘Nautiorum&#39;</strong></span> 
     </span>
     <span class='ocr_line' id='line_1_35' title="bbox 28 4053 1174 4118; baseline -0.01 -2"><span class='ocrx_word' id='word_1_281' title='bbox 28 4075 138 4116; x_wconf 77' lang='lat' dir='ltr'><strong>rusve.</strong></span> <span class='ocrx_word' id='word_1_282' title='bbox 178 4057 231 4111; x_wconf 65' lang='grc' dir='ltr'><strong>ις’.</strong></span> <span class='ocrx_word' id='word_1_283' title='bbox 258 4072 343 4110; x_wconf 72' lang='lat' dir='ltr'><strong>errem</strong></span> <span class='ocrx_word' id='word_1_284' title='bbox 365 4071 456 4113; x_wconf 72' lang='lat' dir='ltr'><strong>cunm.</strong></span> <span class='ocrx_word' id='word_1_285' title='bbox 486 4071 610 4108; x_wconf 77' lang='lat' dir='ltr'><strong>sorraco</strong></span> <span class='ocrx_word' id='word_1_286' title='bbox 648 4055 778 4106; x_wconf 77' lang='lat' dir='ltr'><strong>Charisius</strong></span> <span class='ocrx_word' id='word_1_287' title='bbox 795 4056 837 4106; x_wconf 86' lang='lat' dir='ltr'><strong>tib.</strong></span> <span class='ocrx_word' id='word_1_288' title='bbox 847 4069 866 4104; x_wconf 89' lang='lat' dir='ltr'><strong>r.</strong></span> <span class='ocrx_word' id='word_1_289' title='bbox 877 4053 949 4105; x_wconf 76' lang='lat' dir='ltr'><strong>addit</strong></span> <span class='ocrx_word' id='word_1_290' title='bbox 961 4055 1106 4118; x_wconf 80' lang='lat' dir='ltr'><strong>exemplum</strong></span> <span class='ocrx_word' id='word_1_291' title='bbox 1123 4055 1174 4104; x_wconf 82' lang='lat' dir='ltr'><strong>Pe·</strong></span> 
     </span>
     <span class='ocr_line' id='line_1_36' title="bbox 25 4127 1163 4196; baseline -0.009 -6"><span class='ocrx_word' id='word_1_292' title='bbox 25 4149 221 4190; x_wconf 66' lang='lat' dir='ltr'><strong>nomenve.</strong></span> <span class='ocrx_word' id='word_1_293' title='bbox 258 4147 344 4184; x_wconf 76' lang='lat' dir='ltr'><strong>suso.</strong></span> <span class='ocrx_word' id='word_1_294' title='bbox 381 4147 466 4185; x_wconf 80' lang='lat' dir='ltr'><strong>soro.</strong></span> <span class='ocrx_word' id='word_1_295' title='bbox 493 4145 610 4184; x_wconf 79' lang='lat' dir='ltr'><strong>meurs</strong></span> <span class='ocrx_word' id='word_1_296' title='bbox 650 4131 735 4181; x_wconf 80' lang='lat' dir='ltr'><strong>curti:</strong></span> <span class='ocrx_word' id='word_1_297' title='bbox 751 4131 823 4183; x_wconf 81' lang='lat' dir='ltr'><strong>‘Qui</strong></span> <span class='ocrx_word' id='word_1_298' title='bbox 832 4131 939 4196; x_wconf 75' lang='lat' dir='ltr'><strong>stirpem</strong></span> <span class='ocrx_word' id='word_1_299' title='bbox 952 4130 1050 4181; x_wconf 83' lang='lat' dir='ltr'><strong>occidit</strong></span> <span class='ocrx_word' id='word_1_300' title='bbox 1059 4127 1163 4181; x_wconf 55' lang='lat' dir='ltr'><strong>measti</strong></span> 
     </span>
     <span class='ocr_line' id='line_1_37' title="bbox 25 4209 610 4274; baseline -0.017 -8"><span class='ocrx_word' id='word_1_301' title='bbox 25 4224 229 4268; x_wconf 66' lang='lat' dir='ltr'><strong>contum.</strong></span> <span class='ocrx_word' id='word_1_302' title='bbox 249 4223 389 4260; x_wconf 79' lang='lat' dir='ltr'><strong>rounuo.</strong></span> <span class='ocrx_word' id='word_1_303' title='bbox 428 4209 519 4274; x_wconf 76' lang='lat' dir='ltr'><strong>stipem</strong></span> <span class='ocrx_word' id='word_1_304' title='bbox 541 4209 610 4258; x_wconf 82' lang='lat' dir='ltr'><strong>sciti·</strong></span> 
     </span>
    </p>

    <p class='ocr_par' dir='ltr' id='par_1_9' title="bbox 122 4283 1110 4355">
     <span class='ocr_line' id='line_1_38' title="bbox 122 4283 1110 4355; baseline -0.009 -13"><span class='ocrx_word' id='word_1_305' title='bbox 122 4291 234 4355; x_wconf 80' lang='lat' dir='ltr'><strong>Detptr.</strong></span> <span class='ocrx_word' id='word_1_306' title='bbox 245 4295 268 4341; x_wconf 89' lang='lat' dir='ltr'><strong>et</strong></span> <span class='ocrx_word' id='word_1_307' title='bbox 282 4289 340 4342; x_wconf 79' lang='lat' dir='ltr'><strong>Ver.</strong></span> <span class='ocrx_word' id='word_1_308' title='bbox 350 4289 415 4340; x_wconf 79' lang='lat' dir='ltr'><strong>Cius.</strong></span> <span class='ocrx_word' id='word_1_309' title='bbox 539 4287 623 4349; x_wconf 80' lang='lat' dir='ltr'><strong>Pomp.</strong></span> <span class='ocrx_word' id='word_1_310' title='bbox 634 4285 701 4338; x_wconf 82' lang='lat' dir='ltr'><strong>Fert.</strong></span> <span class='ocrx_word' id='word_1_311' title='bbox 1055 4283 1110 4334; x_wconf 78' lang='lat' dir='ltr'><strong>tc</strong></span> 
     </span>
    </p>
   </div>
   <div class='ocr_carea' id='block_1_9' title="bbox 0 0 1472 4864">
    <p class='ocr_par' dir='ltr' id='par_1_10' title="bbox 0 0 1472 4864">
     <span class='ocr_line' id='line_1_39' title="bbox 0 0 1472 4864; baseline 0 14"><span class='ocrx_word' id='word_1_312' title='bbox 0 0 1472 4864; x_wconf 95' lang='lat' dir='ltr'><strong> </strong></span> 
     </span>
    </p>
   </div>
  </div>
 </body>
</html>
