2930 4870
264 395 349 460 lost
599 407 713 458 snxur
738 405 890 456 uournur
916 407 1019 455 rusrr

265 563 356 631 eunt,
380 573 455 618 cum
478 555 511 618 in
535 573 656 637 campo
681 553 762 638 qnid
785 573 880 636 agere
900 553 1037 617 volunt:
1058 549 1151 635 quod
1176 567 1286 633 genus
1309 567 1357 613 au·

267 657 354 738 spici
380 674 533 738 peremne
550 664 707 721 vocatur:
738 675 866 720 amnem
896 663 1009 718 autem
1035 653 1213 718 soeminine
1241 651 1358 734 antiqui

265 757 496 820 enuntiabant.
539 756 716 822 Penetrale
732 757 932 822 sacrificinm
946 757 1077 826 dicitur,
1100 755 1194 840 quod
1210 754 1358 818 interiore

261 841 360 940 'parte
384 859 509 922 sacrari
531 859 724 924 conficitur:
747 859 836 922 nudo
859 866 894 920 et
916 859 1102 941 penetralia
1123 856 1296 942 cujusque
1317 855 1358 918 di·

268 968 406 1039 cuntur3
433 967 465 1023 et
485 980 587 1044 penes
602 981 673 1036 nos,
695 962 785 1044 quod
802 963 833 1024 in
849 967 1015 1044 potestate
1029 969 1144 1025 nostra
1158 967 1227 1023 est·
1273 957 1357 1032 Pun',

268 1062 378 1142 probi,
394 1061 536 1144 profani,
560 1063 613 1124 sni
640 1065 712 1125 auri
731 1063 852 1128 dicitur
865 1063 898 1126 in
913 1061 1177 1126 manumissione
1194 1079 1356 1125 sacromm

268 1181 388 1227 cansa:
402 1181 444 1224 ex
462 1163 553 1244 qnib.
570 1163 644 1246 puri
666 1161 844 1244 significat,
860 1161 949 1248 quod
966 1163 999 1225 in
1014 1183 1076 1226 usu
1093 1170 1222 1246 porco³
1239 1181 1304 1225 uon
1317 1161 1357 1224 ln-

270 1265 351 1329 erlt:
380 1264 543 1347 probique
572 1273 661 1329 reete
685 1270 860 1329 excoctum
888 1271 1102 1348 pugnatumq.
1130 1265 1197 1328 sit:
1221 1263 1355 1348 profani,

270 1366 360 1449 qnod
376 1384 506 1428 sacrum
521 1385 587 1429 non
612 1367 668 1443 sit,
691 1373 726 1429 et
750 1365 839 1450 qnod
858 1367 946 1428 omni
963 1367 1119 1448 religione
1134 1366 1281 1430 solutum
1295 1367 1355 1431 sit:

271 1467 337 1543 sui,
359 1468 449 1550 quod
474 1469 618 1531 alienum
643 1469 787 1532 nonsit.
831 1467 1011 1531 Pacionem
1040 1469 1170 1550 antiqui
1199 1466 1356 1544 dicebant,

271 1589 371 1651 quam
395 1583 483 1633 nnnc
513 1570 701 1652 pactionem
725 1568 889 1633 dicimus=
919 1569 1007 1633 unde
1038 1577 1072 1632 et
1089 1570 1222 1652 pacisci
1246 1569 1354 1644 adbuc,

271 1677 304 1733 et
330 1689 437 1752 paceo
460 1671 492 1734 in
520 1689 585 1734 usu
610 1675 768 1734 remanet.
812 1669 966 1734 Presan.⁴
1061 1715 1070 1732 .
1166 1715 1175 1732 .
1261 1689 1355 1755 porca

270 1770 402 1846 dicitnr,
419 1778 456 1835 ut
471 1773 518 1835 ait
531 1770 711 1847 Veranius,
733 1789 810 1853 queo
832 1771 968 1835 familiae
986 1771 1168 1854 purgandae
1184 1791 1282 1836 causa
1297 1772 1354 1836 Go-

270 1873 334 1937 reri
348 1872 550 1950 immolatur,
566 1871 657 1956 qnod
673 1891 750 1955 pars
765 1871 919 1955 quaedam
935 1874 1008 1956 ejus
1022 1875 1167 1937 sacrifici
1183 1874 1220 1937 tit
1233 1875 1267 1936 in
1280 1893 1355 1938 con·

271 1981 388 2058 spectu
410 1977 531 2038 mortui
551 1976 633 2058 ejus,
652 1973 749 2057 cnjus
764 1974 861 2038 sunus
876 1974 1073 2039 instituitur.
1116 1975 1274 2040 Pataram
1287 1997 1354 2060 per-

270 2077 428 2160 plovere⁵
451 2076 485 2139 in
508 2077 712 2141 sauriacum
736 2076 867 2152 dicitur,
895 2076 1059 2158 significat
1074 2085 1255 2161 pertusam
1278 2097 1354 2141 esse.

274 2177 450 2242 Pastillum
475 2185 527 2242 est
546 2181 579 2242 in
604 2180 708 2243 sacris
730 2179 793 2243 libi
816 2199 922 2260 genus
951 2179 1095 2243 rutundi.
1140 2179 1257 2244 Pnilia
1278 2199 1355 2242 sara

272 2299 347 2344 esse
364 2279 405 2344 ad
422 2285 565 2363 portum,
581 2281 640 2363 qui
653 2282 697 2344 sit
712 2282 889 2345 secundum
904 2281 1063 2357 Tiberim,
1078 2282 1128 2344 ait
1143 2281 1272 2346 Fabius
1286 2279 1355 2343 Pic-

272 2389 335 2456 tor,
358 2401 455 2463 quem
476 2383 586 2446 locum
613 2388 709 2466 putat
729 2383 846 2448 Labeo
861 2383 941 2460 dici,
958 2384 1014 2447 ubi
1034 2383 1134 2446 suerit
1152 2381 1286 2457 Ficana,
1307 2381 1355 2444 via

273 2479 419 2546 Ostiensi
450 2483 492 2547 ad
516 2484 659 2566 lapidem
686 2484 905 2548 undecimum.
949 2482 1018 2563 [61]
1047 2483 1167 2548 Paverl
1200 2484 1357 2548 fmmenta

273 2583 429 2647 dicebant
444 2585 585 2667 antiqui,
601 2603 677 2667 quae
693 2587 736 2650 de
751 2588 872 2668 vagina
886 2606 950 2650 non
967 2587 1049 2649 bene
1071 2587 1221 2650 exibant.
1265 2584 1357 2648 Palu·

274 2682 344 2747 dati
360 2684 502 2747 inlibris
524 2686 738 2766 auguralibus
754 2687 931 2769 significat,
946 2695 984 2751 ut
999 2688 1046 2750 ait
1063 2686 1245 2764 Veranius,
1261 2705 1359 2750 arma·

272 2786 308 2862 ti,
325 2788 452 2850 ornati:
480 2789 590 2852 omnia
617 2787 704 2852 enim
726 2788 881 2853 militaria
903 2796 1106 2865 ornamenta,
1130 2789 1361 2870 paludamenta

274 2887 353 2952 dici.
396 2889 661 2953 Purimenstrio⁸
684 2909 760 2954 esse
787 2891 953 2968 dicuntur,
982 2891 1041 2974 qni
1065 2909 1237 2954 sacrorum
1260 2907 1361 2954 cansa

273 2995 345 3053 toto
356 3009 466 3054 mense
481 2993 514 3054 in
527 2991 727 3055 caerimoniis
742 2996 830 3069 snut,
846 2993 880 3055 id
895 2998 955 3068 est,
971 2992 1044 3076 pun'
1059 2992 1125 3056 siut
1136 2993 1237 3055 oertis
1250 2993 1363 3055 diebus

272 3091 429 3156 carendo.
473 3092 567 3156 Prox
588 3093 678 3156 bona
700 3112 781 3168 vox,
807 3093 901 3158 velut
923 3094 1058 3178 quidam
1082 3092 1364 3177 presigniticare⁶

272 3192 411 3271 videtur,
428 3200 460 3256 nt
478 3195 523 3257 ait
535 3194 650 3259 Labeo
664 3194 705 3257 de
716 3195 792 3276 jure
803 3196 976 3277 pontificio
990 3196 1029 3260 In
1043 3211 1099 3259 xu.
1143 3193 1285 3258 Penatis
1301 3194 1366 3258 siu·

272 3293 428 3374 gulariter
443 3295 557 3358 Labeo
573 3295 743 3358 Antistius
763 3315 868 3378 posse
892 3297 958 3361 dici
974 3301 1083 3379 putat,
1100 3297 1180 3380 quia
1196 3297 1366 3380 pluraliter

275 3395 419 3461 Penates
435 3396 600 3475 dicantur,
616 3417 691 3461 cum
708 3398 851 3478 patiatur
864 3399 1036 3481 proportio
1050 3399 1149 3462 etiam
1163 3397 1281 3462 Penas
1290 3398 1366 3472 dici,

275 3501 313 3557 ut
339 3497 492 3578 optimas,
521 3500 657 3580 primas,
682 3497 816 3563 Antias.
872 3497 1068 3564 Proculinut
1092 3501 1297 3585 promittunt
1325 3499 1368 3562 ait

306 3795 321 3840 8
338 3789 357 3840 t'.
368 3795 508 3854 spurca—t
523 3789 769 3856 bnamma-5
789 3795 997 3861 impluere-6
1012 3795 1138 3862 aprum,
1148 3797 1302 3862 ἐμῇσι.

765 3975 874 4026 NOTAE

306 4081 527 4145 uPurimenrtruo]
548 4081 639 4131 Snidm
650 4085 798 4150 Mmpuuxul,
838 4089 905 4154 Φρυξὶ
926 4089 1113 4142 σπουδασθεῖσα,
1132 4089 1250 4142 κωτειὰς
1269 4091 1375 4143 ἑκάστου

273 4157 368 4214 inquit,
379 4155 460 4218 lutura
470 4156 531 4207 rut:
543 4157 608 4220 ἱεραί.
618 4159 661 4209 rus
672 4160 697 4211 ul
706 4181 798 4226 μητρω·
837 4163 909 4226 μηνὸς
919 4165 1011 4227 lyaeus.

275 4227 334 4278 ants
344 4230 405 4292 παρὰ
414 4231 559 4296 'Famam
570 4233 608 4284 uel
618 4235 728 4301 πρότερον
737 4238 799 4302 παρὰ
