2930 4870
247 337 333 406 loon
578 355 690 406 sexui
720 355 874 404 uournn
903 357 1006 406 resur

246 500 408 584 gymnicis
433 498 669 563 certaminibus
688 499 873 583 perihodon
896 501 1021 564 vicisse
1043 498 1179 573 dicitnr,
1201 497 1261 580 qni
1275 498 1334 582 Py·

246 602 325 678 thie,
357 599 511 676 Isthmia,
537 599 678 678 Nemee,
702 599 858 683 Olympia
881 601 966 665 vicit
986 621 1011 680 u¹
1025 601 1203 666 circumitu
1226 617 1339 662 eorum

246 702 526 786 spectaculorum.
571 701 727 766 Peremtu
756 707 790 765 et
818 703 991 766 interemta
1015 721 1077 784 pro
1098 700 1304 782 imperfectis
1315 708 1340 748 ¹⁹

246 803 329 886 poni
351 802 437 865 solet
459 820 479 863 a
505 799 628 884 potitis.
672 801 861 878 Lucretius,
885 800 971 866 Cum
986 821 1112 884 corpus
1125 801 1249 876 simul,
1271 809 1341 883 atq.
1458 847 1459 862 r

248 904 351 969 enimi
366 909 483 966 nature
497 907 661 985 peremta.
677 903 892 985 ⁰Perpetem,
917 922 978 985 pro
1001 909 1165 985 perpetuo
1185 901 1341 966 dixerunt
1457 911 1459 922 ⁴

247 1003 371 1087 poete.
392 1053 397 1064 .
415 1003 588 1068 Pacuvius
612 1003 738 1068 Iliona:
765 1003 847 1078 Fac,
873 1011 911 1067 ut
937 1004 1088 1086 coepisti,
1098 989 1189 1068 benc
1205 1021 1341 1085 opernm
1456 1007 1461 1072 -Ῐ

247 1106 330 1170 mihi
357 1107 419 1170 des
445 1113 633 1188 perpetem:
665 1105 776 1170 oculis
805 1105 970 1173 traxerim,
1015 1103 1198 1168 l'crsillnm
1222 1111 1343 1168 vocent
1461 1127 1462 1133 ¹

247 1206 438 1273 sacerdotes
463 1205 652 1270 rudiculum
667 1206 830 1288 picatum,
851 1225 918 1288 qno
932 1207 1077 1288 unguine
1095 1205 1237 1270 Flumen
1258 1205 1342 1269 Por·
1456 1207 1462 1237 ¹

242 1309 412 1398 ¹tunulis²0
438 1327 531 1372 orme
554 1306 684 1385 Quirini
706 1314 842 1390 unguet.
886 1306 1066 1371 Persicum
1080 1307 1342 1390 portum-Pleu·

248 1417 303 1476 tus
318 1429 395 1474 cum
410 1410 471 1486 uit,
485 1427 576 1472 mere
591 1406 777 1472 Euboicum
792 1409 920 1473 videtur
935 1408 1134 1490 siguificare,
1149 1408 1242 1490 quod
1256 1409 1340 1472 ineo
1459 1422 1462 1445 ¹

248 1511 369 1576 classis
391 1510 570 1574 Persarum
595 1507 717 1575 dicitnr
748 1511 892 1587 stetisse,
920 1529 990 1574 nnn
1011 1511 1132 1593 procul
1157 1529 1179 1574 u
1205 1511 1340 1574 Thebis.

248 1613 439 1678 Persounte
452 1610 566 1674 fabule
587 1610 744 1692 quredem
764 1611 879 1676 Noevii
893 1612 1094 1688 inscribitur,
1109 1631 1212 1694 qnam
1228 1619 1339 1695 putent
1460 1610 1461 1614 ’

248 1711 386 1796 quidum
401 1710 542 1793 primum
557 1717 594 1772 s'
613 1730 634 1774 n
649 1712 838 1795 personetis
853 1713 1067 1778 histrionibus
1083 1714 1166 1778 :sed
1177 1734 1253 1778 cnm
1266 1720 1339 1797 post

248 1815 371 1880 multos
387 1831 490 1892 anuos
513 1813 673 1891 comoedi,
696 1822 732 1878 et
754 1812 894 1896 tregoedi
917 1816 1072 1898 personis
1093 1817 1143 1879 uti
1158 1825 1338 1897 coeperunt,

248 1916 459 1982 verisimilius
484 1923 536 1980 est
554 1936 629 1981 eam
642 1916 789 1980 tabulam
805 1922 942 1998 propter
954 1916 1101 1998 inopium
1116 1917 1340 1982 comoedornm

250 2029 357 2084 ectum
370 2036 493 2082 novam
507 2037 568 2100 per
582 2016 769 2093 Atellanos,
778 2017 837 2098 qui
848 2018 983 2100 proprie
993 2025 1154 2082 vocantur
1163 2020 1340 2101 personati,

250 2121 331 2204 qnia
341 2119 399 2202 jus
415 2127 469 2184 est
483 2119 537 2192 iu,²
553 2137 618 2184 nou
634 2119 709 2200 cogi
724 2118 760 2180 in
775 2137 891 2182 scaena
907 2136 1030 2200 ponere
1046 2138 1239 2202 personum,
1253 2121 1341 2203 quod

251 2221 369 2286 ceteris
380 2219 682 2302 histrionibuspeti
693 2236 832 2282 necesse
841 2223 903 2280 est.
951 2217 1134 2308 Persicusg
1150 2227 1342 2302 peracutum

251 2321 437 2405 significare
462 2321 601 2397 videtur,
624 2329 659 2384 ut
680 2319 842 2384 Plautus:
865 2319 947 2382 nihil
961 2317 1004 2382 de
1019 2320 1203 2384 conciliare
1223 2324 1343 2399 sibus,³

249 2422 314 2486 nisi
344 2424 402 2502 qui
426 2422 569 2503 persib⁴
589 2421 697 2504 sapis.
742 2419 904 2485 Naevius:
928 2428 963 2484 et
983 2420 1050 2502 qni·
1064 2423 1169 2486 inerit
1193 2425 1346 2506 persicus

251 2522 395 2605 carpenti
411 2521 455 2584 ad
470 2522 610 2585 stratio.⁵
655 2519 853 2603 Perpetrutl
877 2523 1018 2605 peregit,
1044 2522 1188 2606 perlicit.
1233 2523 1348 2589 Peon·

249 2623 325 2686 vius
340 2625 374 2687 in
388 2623 536 2686 Teucro:
557 2621 646 2704 Neq.
662 2629 853 2705 perpetrare
870 2624 1038 2706 precibus,
1053 2623 1201 2706 imperia
1215 2626 1273 2707 qui
1289 2627 1351 2690 de-

250 2723 333 2788 tinni
345 2721 474 2806 patris⁶
490 2723 646 2805 Spartam
661 2732 842 2807 reponare⁷
858 2724 972 2802 instat,
987 2726 1021 2790 id
1034 2726 1063 2788 si
1077 2732 1261 2808 perpetret:
1278 2747 1351 2810 qno

251 2827 353 2889 etiem
369 2826 440 2888 siue
454 2824 693 2906 praepositione
704 2825 758 2887 nsi
773 2832 863 2902 sunt,
878 2826 969 2908 qnod
984 2827 1051 2906 [34]
1064 2845 1262 2891 conversum
1274 2827 1354 2910 jam

250 2926 284 2988 ἐπ
298 2921 541 2990 cornustndr'nem
553 2923 780 3009 estrperpnlit,
789 2926 957 3008 persuasit,
968 2927 1099 3009 impulit
1162 2974 1171 2990 .
1263 2976 1272 2990 .
1346 2978 1356 2993 .

251 3027 381 3094 ducendo
395 3049 448 3092 me
462 3026 603 3112 perpulit
689 3071 698 3089 .
784 3072 795 3092 .
884 3074 892 3091 .
976 3029 1099 3094 scilicet
1114 3027 1272 3112 compulit
1350 3079 1359 3095 .

365 3175 373 3189 .
474 3175 483 3192 .
596 3125 765 3205 Pertisnm,
781 3149 854 3210 pro,
869 3139 1031 3212 pertesum
1050 3130 1198 3195 dixerunt
1220 3131 1363 3218 antiqui

701 3305 888 3330 ΟΜΝΜ

282 3435 315 3486 rc
330 3427 349 3485 t.
365 3437 570 3496 errassem-no
586 3434 604 3486 t.
622 3435 810 3494 orimum-r
828 3438 849 3488 f.
865 3443 998 3489 acteo-n
1015 3437 1035 3490 f.
1054 3441 1145 3490 tu-e
1162 3440 1184 3489 f.
1199 3437 1325 3494 rint—r
1345 3445 1366 3496 f.

248 3501 408 3563 perrierus—t
420 3499 438 3548 l'.
447 3503 512 3550 adest
523 3502 643 3551 mtto-o
652 3501 671 3553 l.
679 3513 721 3553 nec
730 3505 807 3567 pretio
817 3503 878 3566 unit.
888 3508 911 3552 et
922 3503 948 3553 tu
960 3504 1115 3568 repertu-r
1127 3504 1146 3552 i.
1156 3507 1296 3568 repeda-c.

741 3681 851 3732 NOTAE

282 3799 294 3835 r
310 3791 434 3856 Persica]
451 3789 537 3842 Plauti
550 3796 675 3848 versurin
688 3809 774 3844 exem·
845 3793 1009 3858 lPerpetrnt]
1022 3794 1120 3843 Verrnr
1131 3795 1256 3846 Pacuvii
1271 3802 1376 3865 legen.

249 3865 404 3930 pleribtbst
419 3867 525 3930 psrridnr
542 3882 589 3930 pro
604 3870 722 3932 persicus.-
745 3875 773 3919 et
813 3870 849 3926 di,
868 3871 940 3919 utin
958 3870 1082 3932 margine.
1107 3870 1192 3932 Neque
1207 3884 1378 3938 papam

249 3939 380 3993 itsVnrro
390 3942 482 3991 libri.
494 3942 675 4005 delituunt.
692 3945 774 3994 ‘Per·
812 3946 979 4010 pucilam
994 3947 1071 4008 pretio
1082 3945 1223 4010 quinctius
1240 3951 1380 4018 Niptris,-

249 4017 336 4080 rihnr,'
348 4017 440 4081 inquit,
451 4019 458 4045 ⁴
470 4032 485 4065 s
497 4019 581 4080 perite
590 4018 606 4066 ι’
619 4019 773 4080 glossemate
813 4021 926 4082 Spurium
941 4023 1053 4084 repedare
1069 4021 1163 4080 instem
1181 4022 1210 4072 td
1232 4029 1264 4076 ει·
1287 4047 1381 4097 μμ.

247 4089 421 4207 ἱιὼιοιίδιιηῑ,
440 4091 543 4144 callide.
582 4092 650 4142 Vide
672 4095 697 4144 iu
714 4095 772 4148 ‘Si-
812 4099 871 4145 trct.

266 4163 313 4208 αι’
