2934 4864
498 423 772 472 ranouuuruu.
1093 405 1179 474 1le

104 571 153 630 tur
167 565 225 629 bac
248 565 291 630 de
312 571 433 630 causa:
455 583 498 628 ex
523 566 744 630 conventione
768 565 861 630 Tulli
886 564 1012 630 Hostili
1030 567 1130 650 regis,
1145 573 1178 634 et

104 665 190 732 Metti
219 666 358 732 Fufitil⁸
388 667 485 731 ducis
507 666 728 745 Albanorum,
754 667 937 748 Trigemini
968 668 1114 747 Horatii,
1145 678 1179 736 et

103 767 218 833 Curatil
229 779 243 820 ⁹
254 788 329 834 cam
339 770 572 844 dimicassent,
588 777 627 834 at
638 771 781 834 victores
793 777 983 854 sequeretur
993 770 1177 854 imperium,

103 881 135 937 ct
148 871 301 938 Horatius
326 878 439 936 noster
460 877 704 955 exsuperasset,
720 872 861 956 victorq.
882 873 1016 938 domam
1037 882 1179 940 reverte-

101 985 189 1052 retur,
203 975 304 1039 obria
327 993 430 1050 soror,
445 973 581 1054 cognita
602 980 710 1037 morte
731 975 859 1057 sponsi,
875 974 928 1038 sui
951 975 1062 1040 fratris
1077 995 1177 1042 manu

99 1077 205 1156 occisi,
233 1082 385 1142 aversata
412 1081 466 1140 est
486 1076 560 1158 ejus
580 1076 748 1152 osculum,
771 1095 839 1159 quo
860 1077 992 1141 nomine
1014 1077 1179 1144 Horatius

99 1177 252 1242 interiecit
273 1197 368 1242 eam:
391 1185 426 1242 et
452 1196 642 1261 quanquam
666 1198 688 1242 a
706 1183 800 1262 patre
827 1178 1002 1244 absolutus
1025 1181 1142 1245 sceleri
1152 1189 1179 1218 ¹⁰

99 1285 172 1355 erat,
187 1288 364 1344 accusatus
383 1285 496 1344 tamen
519 1276 677 1361 parricidi
697 1280 787 1364 apud
812 1280 1027 1358 Duumviros,
1043 1279 1178 1346 damna·

98 1389 179 1465 tasq.
198 1382 398 1464 provocavit
423 1382 466 1445 ad
496 1380 659 1464 populum
686 1381 780 1466 cujus
804 1381 937 1464 judicio
963 1383 1080 1460 victor,
1110 1385 1179 1448 duo

97 1483 198 1564 tigilla
211 1481 307 1546 tertio
323 1481 527 1565 superjecto,
547 1499 624 1563 quta
640 1487 736 1564 pater
756 1483 829 1566 ejas
846 1481 1179 1560 consummaretur

95 1586 157 1648 sub
171 1584 289 1668 jugum
310 1584 434 1648 missua
457 1583 557 1652 subit,
572 1581 809 1665 consecratisq.
823 1583 871 1647 ibi
893 1585 961 1647 aris
976 1583 998 1648 J
1001 1584 1100 1648 anoni
1116 1585 1177 1648 So-

93 1686 197 1761 roriae,
210 1691 244 1750 et
264 1684 355 1749 Jaao
381 1682 543 1761 Curiatio,
557 1682 716 1747 liberatus
732 1683 822 1748 omni
845 1685 947 1749 noxia
969 1685 1106 1750 sceleris
1128 1692 1179 1751 cst

93 1787 237 1869 auguriis
261 1786 539 1871 adprobantibus:
561 1789 609 1848 'ex
635 1805 703 1868 quo
726 1785 890 1850 sororium
911 1786 943 1849 id
963 1787 1104 1868 tigillum
1126 1795 1179 1853 est

90 1888 306 1973 appellatum.
350 1887 493 1952 Sororioe
504 1893 528 1926 ¹¹
556 1905 711 1951 mammae
726 1885 881 1951 dicuntur
894 1886 1088 1968 puellarum,
1103 1907 1177 1952 cum

89 1993 230 2074 primam
252 1997 453 2065 tumescunt,
467 1993 504 2052 at
517 1987 730 2052 fraterculare
749 2007 935 2071 puerorum.
979 1989 1123 2053 Plautus
1143 1990 1178 2053 in
1252 1999 1257 2006 ·

86 2087 182 2174 [106]
204 2089 410 2154 Frlbolaria:
437 2085 522 2151 Tunc
541 2085 737 2151 sororiabant
757 2089 894 2174 papillae
923 2088 1102 2172 primulum,
1127 2087 1180 2153 sed

84 2189 171 2255 iliad
184 2191 407 2267 calcidicam,
418 2186 698 2275 fraterculabant:
720 2187 798 2274 quid
812 2209 899 2272 opas
914 2197 966 2254 cst
979 2189 1084 2255 verbis
1097 2189 1179 2256 mul-

84 2293 141 2356 tis.
185 2293 328 2378 Surregit
342 2297 375 2356 et
390 2298 501 2356 sortus
515 2289 641 2377 antiqui
656 2289 815 2374 ponebant
824 2311 885 2376 pra
898 2291 1033 2355 turrem
1054 2299 1088 2356 et
1103 2293 1178 2375 ejus

81 2393 264 2480 participia,
291 2393 382 2480 quasi
400 2393 440 2457 sit
460 2402 624 2471 surrectus,
639 2392 757 2478 quibas
779 2393 818 2457 L.
841 2393 979 2458 Livillus
991 2389 1180 2478 frequenter

80 2519 161 2560 usus
182 2503 244 2562 est.
302 2496 386 2560 Sors
406 2501 439 2560 et
460 2493 684 2577 patrimonium
712 2493 884 2578 siguificat,
908 2493 993 2559 unde
1022 2504 1180 2560 consortes

78 2597 237 2667 dicimust
252 2607 282 2660 et
298 2597 382 2662 Deis
392 2602 419 2636 ¹²
433 2613 622 2678 responsum
633 2617 644 2663 ,-
656 2603 687 2658 et
700 2593 784 2679 quod
796 2594 877 2679 crtiq.
893 2594 1017 2660 accidit
1030 2595 1066 2659 in
1079 2594 1177 2660 sorti-

80 2699 177 2765 endo.
202 2695 566 2780 Saraaumdicitur,quo
581 2705 774 2760 ornamenta
786 2696 1178 2778 portanturrcanr'corum.

75 2802 226 2869 Plautus
240 2799 273 2863 iu
289 2797 410 2864 Perta:
433 2796 583 2862 librorum
600 2796 895 2881 iccillum⁸pleuum
917 2817 1055 2860 soracum
1071 2795 1177 2861 habco.

71 2904 244 2968 Subrium
267 2903 381 2966 vicum
399 2897 514 2963 dictum
530 2904 645 2982 putant
664 2894 805 2961 Cloatius
828 2911 863 2962 et
886 2897 1008 2976 AEliaS,
1032 2898 1178 2980 quadiu

69 3025 113 3068 eo
126 3003 233 3066 uultus
248 3001 381 3067 taberna
394 3001 503 3079 locas,
517 3019 593 3083 aeq.
610 3018 762 3083 caupona
763 2995 887 3084 faerit:
903 2999 970 3076 alii,
983 2999 1073 3083 quod
1086 3001 1121 3062 ln
1136 3019 1178 3064 eo

68 3104 245 3171 Mercurio
257 3126 317 3168 uon
332 3102 422 3181 lacte,
434 3102 486 3166 sed
500 3103 578 3166 vino
592 3101 731 3166 solitam
745 3102 786 3164 tit
800 3098 979 3184 supplicari.
1010 3097 1178 3165 Sanitium

65 3205 277 3292 tripudium,
307 3215 342 3269 ut
366 3204 412 3268 uit
433 3202 557 3288 Appius
577 3203 736 3282 Pulcber,
759 3203 850 3287 quod
878 3213 976 3281 torret,
1005 3223 1073 3266 cum
1088 3199 1178 3286 pullo

61 3309 204 3375 excidit
232 3309 347 3392 plus,¹³
378 3305 613 3392 quadrupediue
638 3325 675 3368 eu
698 3325 763 3368 ore.
808 3301 898 3382 Sanc,
922 3323 1060 3381 nocens,
1080 3307 1117 3366 ut
1135 3321 1179 3366 ex

59 3410 248 3477 contrario
268 3409 379 3486 insons,
405 3407 572 3472 innocens.
614 3405 752 3472 Sodalis
780 3403 906 3490 quidam
934 3403 1029 3468 dictor
1045 3413 1178 3488 putant,

55 3511 177 3598 quod
196 3531 263 3578 una
289 3510 440 3586 sederent,
467 3517 592 3592 ersurtq.
613 3507 673 3571 alii
699 3506 792 3591 quod
818 3526 863 3572 ex
885 3525 949 3570 suo
970 3503 1075 3590 dapib.
1102 3504 1180 3570 cerci

51 3612 168 3680 soliti
182 3615 266 3676 siut:
288 3613 358 3689 alii,
373 3610 464 3696 quod
486 3611 573 3674 inter
595 3629 625 3672 ra
645 3606 775 3672 inuicem
799 3605 979 3686 sanarent,
993 3607 1083 3692 quod
1098 3607 1179 3672 utile

48 3725 161 3782 esset
180 3737 193 3776 .·
215 3711 341 3792 easdem,
362 3711 445 3800 quod
462 3711 567 3774 ca'e'ant
581 3711 708 3790 crebro,
721 3728 843 3793 congre
854 3715 880 3757 ¹⁴
894 3709 1010 3774 vocari
1024 3731 1044 3771 a
1070 3705 1178 3771 Gracc

47 3815 269 3894 vocabalo,
285 3815 375 3900 quod
385 3821 439 3882 eat
452 3811 553 3900 γίρρα.

90 4099 114 4144 Β
140 4091 165 4142 f.
184 4091 262 4142 Metti
272 4090 428 4156 &prout-u
447 4089 467 4142 f.
485 4091 701 4144 Curiatii-lul.
722 4092 886 4142 melaria-ll
905 4087 925 4140 f.
943 4088 1140 4140 Sororium—ll
1157 4085 1177 4138 l'.

36 4160 210 4216 Dea-ra
227 4156 247 4208 s.
263 4157 389 4221 pala-lt
400 4155 420 4207 s.
430 4169 551 4218 merae·
