2934 4864
493 413 765 464 seicusuuuu.
1092 401 1177 468 usi

95 553 246 637 percipio,
260 573 358 638 super
374 554 473 618 rebus
488 555 611 622 nostris
625 555 716 638 loqui
729 563 775 620 te.
819 555 990 622 Pacuvius
1004 555 1038 619 iu
1051 554 1155 622 Medo
1169 577 1177 624 ι

97 673 158 738 qus
183 673 282 738 super
306 673 341 720 re
364 655 570 720 interiectum
591 654 670 720 esse
696 656 882 740 Hippotem
906 656 1047 724 disistit
1092 658 1178 725 Coto

97 763 205 823 contra
224 753 394 820 Anniumt
424 755 535 822 Nemo
557 763 655 820 euteu
678 756 758 822 tecit
773 777 875 840 super
890 758 951 823 tuli
965 779 1001 822 re
1024 778 1098 824 cuni
1112 760 1177 826 hoo

95 858 283 938 magistratu
299 858 383 942 utiq.
394 877 474 922 reru.
517 857 680 924 Afranius
695 861 729 924 iu
743 858 904 941 Virgine:
919 858 995 926 Alis
1006 859 1019 898 ⁸
1032 861 1178 928 derebus

94 958 124 1022 iu
142 977 206 1039 qua
221 959 355 1042 coepisti
371 978 474 1042 super
488 967 538 1026 r⁹
581 959 802 1043 Supercilium
818 961 953 1038 dicitur,
968 962 1058 1045 quod
1075 979 1179 1044 supro

93 1059 268 1138 utirmsit,
283 1059 393 1138 idest,
409 1061 657 1142 integimentum
674 1063 765 1130 oculi
781 1063 949 1144 superius.
978 1063 1049 1128 Sub
1056 1062 1177 1146 jugum

92 1161 171 1226 mitti
193 1162 345 1227 dicuutur
367 1162 480 1227 hostes
506 1163 599 1238 uicti,
622 1165 744 1246 ereptis
769 1164 924 1228 omuibus
944 1165 1055 1240 armis,
1070 1165 1179 1248 telisq.

91 1280 159 1326 curu
174 1263 282 1329 bustis
296 1263 416 1328 defixis
431 1264 563 1330 duobus
578 1265 612 1328 io
628 1273 725 1342 terra,
740 1265 872 1347 tertisq.
889 1263 931 1330 ed
944 1283 1109 1330 summum
1124 1284 1179 1330 ea·

91 1379 157 1426 rum
182 1364 352 1446 deligete3
378 1365 503 1448 speciei
529 1373 622 1430 ιιιιι10
639 1357 802 1448 jubentur
824 1367 1002 1430 subeuntes
1029 1367 1179 1432 transire.

90 1463 228 1530 Subices
245 1465 368 1530 Ennius
382 1466 417 1529 in
432 1464 568 1532 Achille
583 1485 645 1548 pro
661 1467 823 1550 subjectis
839 1467 964 1549 posuit,
981 1486 1057 1533 cum
1073 1469 1180 1536 dixit:

92 1563 206 1634 Nubes
222 1587 283 1650 per
297 1587 360 1650 ego
373 1568 484 1632 Deum
500 1567 634 1632 subices
646 1566 815 1644 humidas,
830 1568 906 1632 inde
919 1575 941 1607 ¹¹
959 1569 1062 1634 oritur
1076 1571 1180 1638 imber

89 1668 200 1734 souitu
220 1689 315 1736 saevo
341 1671 472 1753 spiritu.
516 1669 742 1752 Superstitesi
773 1677 839 1749 r‚¹²
865 1676 971 1734 testes
993 1677 1180 1752 praesentes

84 1768 267 1850 siguificat:
297 1771 395 1854 cujus
424 1773 470 1836 rei
494 1771 720 1836 testimouium
744 1777 807 1849 est,
832 1772 924 1854 quod
946 1773 1180 1854 superstitibus

88 1872 319 1950 presentibus,
345 1872 382 1951 ii,
407 1873 491 1939 iuter
515 1891 603 1955 quos
621 1872 852 1938 controversis
865 1880 925 1947 est,
941 1873 1107 1939 uindicias
1123 1894 1181 1938 su·

87 1989 174 2040 moro
196 1973 373 2056 jubentur.
415 1973 560 2038 Plautus
582 1973 616 2038 iu
643 1973 844 2038 Artemone:
868 1974 969 2040 Nunc
998 1973 1077 2036 mibi
1103 1975 1182 2040 licet

87 2074 167 2154 quid
183 2077 237 2141 vis
253 2077 359 2160 loqui,
382 2095 482 2140 nemo
507 2075 561 2140 hic
577 2074 676 2168 adest
690 2082 882 2157 superstes:
904 2075 1033 2156 volgari
1047 2075 1180 2158 quidem

86 2176 179 2258 [us]
193 2178 467 2244 cousuetudinem
478 2185 501 2226 ¹¹
518 2181 653 2261 ponitur
663 2197 724 2260 pro
739 2176 787 2254 iis,
797 2175 852 2262 qui
862 2175 938 2241 sutis
952 2197 1088 2261 superq.
1102 2178 1181 2242 siut.

83 2280 262 2362 munditer
287 2279 382 2346 etiam
405 2280 502 2346 tiberi
531 2279 717 2362 parentibus
737 2277 884 2341 dicuutur
979 2323 988 2342 .
1075 2322 1084 2340 .
1171 2319 1182 2344 0

84 2384 305 2462 quemobrem
324 2379 474 2468 progredi
495 2401 634 2464 cuperem
658 2379 789 2446 uberim
814 2379 960 2457 diceudo,
992 2397 1182 2462 quenquam

83 2503 189 2552 omues
202 2487 380 2570 superstites
398 2484 476 2550 miti
486 2485 601 2552 velim·
641 2483 888 2569 Superuogunco
905 2481 971 2546 ucis
985 2489 1122 2548 vocotus
1137 2483 1181 2546 sb

81 2583 284 2671 Auguribus,
305 2609 373 2673 que
386 2607 424 2650 ee
436 2605 559 2652 musmo
573 2587 745 2652 cacumine
759 2606 859 2650 uocem
872 2583 983 2662 emisit,
997 2583 1070 2670 quio
1084 2585 1183 2668 quusi

82 2686 116 2750 in
131 2687 312 2767 ultissimis,
325 2709 448 2774 superq.
463 2687 566 2752 mia
577 2694 728 2771 vagetur,
744 2684 917 2771 appellato.
961 2683 1134 2769 Superciliu
1149 2684 1183 2750 ιἰι

79 2787 104 2854 J
105 2792 236 2856 usionis
247 2789 343 2858 tutelo
356 2788 524 2874 putabunt,
533 2788 567 2852 r'u
581 2807 644 2874 quo
658 2787 804 2854 dicemur
815 2788 968 2852 mulieres
983 2786 1086 2864 etium,
1101 2784 1185 2869 quod

80 2887 119 2954 iis
137 2899 351 2978 proteguntur
374 2890 478 2968 oculi,
502 2905 563 2974 pet
586 2909 663 2972 quos
687 2887 751 2952 luce
765 2885 926 2973 fruimur,
942 2905 1044 2970 quem
1060 2888 1184 2954 tribuat

77 2993 102 3060 J
104 3013 182 3058 uuo.
235 2991 322 3058 Unde
344 2994 411 3076 ipsu
429 2989 500 3056 Dec
515 2991 629 3056 lucius
641 3010 743 3074 quoq.
758 2988 842 3054 dicta
857 2986 991 3051 videtur.
1038 2985 1184 3070 Suppet-

77 3095 154 3162 uuti
170 3095 341 3174 dicoretur,
364 3093 475 3180 quiduis
484 3089 612 3180 sentius
635 3099 712 3156 sunt
732 3091 870 3155 succisa
888 3089 922 3152 in
936 3085 1060 3150 modm
1074 3085 1184 3152 suilla·
1271 3141 1276 3152 .

76 3215 156 3264 rom
184 3215 377 3281 perusium.
421 3193 543 3260 Ennius
568 3193 602 3258 in
627 3190 778 3256 Airnulid.
804 3192 835 3256 is
849 3197 876 3240 ¹⁴
898 3207 1018 3274 pomos
1043 3188 1185 3256 succidit

76 3297 198 3381 iniqua
217 3295 360 3380 superbia
383 3297 504 3362 Poeni:
527 3303 561 3359 et
584 3291 733 3360 Catullus
754 3290 798 3356 ud
825 3289 1004 3355 Coloniam:
1028 3285 1068 3350 In
1092 3288 1185 3354 iossu

75 3399 205 3482 Ligeri
218 3397 302 3482 jacet
322 3403 531 3484 suppendeat
550 3395 661 3459 securi.
705 3394 915 3475 Soppremum
930 3387 1018 3453 modo
1031 3388 1184 3476 sigofficut

545 3555 731 3581 mmme

108 3697 127 3741 8
148 3693 171 3741 s.
192 3692 314 3742 Attis-ti
329 3690 487 3741 dere—1⁰
502 3691 522 3742 t.
533 3691 580 3756 ipsi
591 3692 714 3739 sum-ll
733 3685 754 3738 ἰ.
771 3687 908 3736 sude-ti
925 3683 945 3734 t'.
956 3701 970 3734 s
981 3687 1183 3750 preeuntes-lt

70 3757 91 3810 f.
112 3757 367 3808 museum—ts
384 3754 474 3806 tuo.

588 3899 697 3951 NOTAE

107 4025 122 4058 Ρ
157 4011 320 4076 superstites]
340 4013 444 4064 Seruius
465 4014 491 4063 in
513 4014 558 4064 lib.
577 4027 619 4064 tu.
691 4007 883 4073 ssuppqmra]
910 4006 1053 4056 Poiitiuous
1074 4005 1099 4054 iu
1122 4005 1187 4056 Mis·

68 4095 140 4146 AEu.
167 4091 249 4140 ‘Suis
269 4091 384 4154 utrisque
406 4089 585 4154 superstitibus
602 4089 619 4138 i.
660 4087 781 4138 eelissets
798 4099 855 4148 esp.
873 4087 914 4132 7³.
936 4081 1005 4132 Festi
1029 4081 1185 4144 scripturum

67 4165 285 4238 presentibus:
316 4166 384 4218 Vide
399 4181 479 4232 supro
491 4165 517 4216 iu
528 4172 535 4195 ⁴
546 4165 620 4216 Pube
659 4160 786 4226 sgmsets.
796 4169 821 4208 et
832 4162 975 4222 ssppsmtu
985 4157 1139 4221 exscripsit:
1157 4167 1187 4208 ut

67 4242 242 4314 praesente*
508 4245 510 4252 ’
661 4239 739 4288 mirer
759 4235 896 4288 Antonium
917 4233 1088 4298 Augurinum
1106 4235 1187 4297 scrip·
