2934 4864
478 375 754 430 rancunuruu.
1082 363 1165 430 1111

80 541 150 586 mna
163 539 205 586 ex
219 517 356 597 Graeco,
366 519 523 586 videlicet
533 539 593 604 pro
608 521 837 606 adspiratione
850 529 1011 607 ponentes
1024 523 1165 600 literam,

81 630 119 688 ut
135 643 205 688 cum
220 623 308 687 idem
322 622 418 704 bylas
434 621 561 699 dicunt,
583 631 620 686 ot
639 643 699 688 nos
714 625 850 708 sylvas:
872 627 950 690 item
970 623 1013 702 ἓξ,
1026 645 1109 690 sex:
1130 631 1165 688 et

81 727 159 802 terei,
168 731 317 808 septem:
334 721 408 806 ejus
421 723 577 788 vocabuli
586 726 733 788 meminit
743 725 843 790 etiam
857 725 1016 790 Lucilius.
1037 724 1074 788 Si
1087 743 1165 788 vcro

79 827 151 904 das,
169 827 255 909 quod
278 831 385 908 rogat,
407 831 441 889 et
462 828 493 890 si
516 825 670 908 suggeri⁸
693 845 833 909 suppus.
877 827 1076 910 Sempronia
1090 826 1166 890 bor-

79 946 147 1006 rea,
161 927 216 1010 qui
231 926 326 992 locus
339 926 517 1018 tlicitur,in
533 945 574 992 eo
590 927 725 992 suerunt
739 926 811 1012 lege
820 927 977 1007 Gracchi,
992 928 1036 994 ad
1051 933 1166 994 custo·

78 1028 167 1094 diam
177 1027 335 1092 frumenti
343 1028 483 1110 publici.

79 1129 200 1196 Statua
216 1136 270 1192 est
290 1127 385 1192 ludi⁹
409 1129 497 1212 ejus,
512 1129 572 1212 qui
585 1130 752 1212 qnondam
774 1130 912 1196 fulmine
934 1131 1024 1197 ictus
1046 1132 1078 1196 in
1094 1131 1166 1196 Gir·

79 1251 135 1308 co,
148 1229 301 1313 sepultus
322 1235 375 1294 est
398 1229 434 1294 in
447 1231 471 1295 J
473 1230 626 1296 anicnlo:
649 1231 843 1315 cujusossa
858 1241 976 1316 postea
990 1253 1033 1298 cx
1055 1234 1166 1317 prodi·

80 1333 153 1414 giis,
174 1332 412 1415 oraculorumq.
435 1333 606 1415 responsis
635 1334 778 1400 Senatus
793 1334 925 1398 decreto
939 1335 1027 1400 intra
1049 1339 1164 1400 urbem

78 1434 180 1498 relata
193 1433 226 1496 in
241 1429 428 1512 volcanali,
444 1424 534 1517 quod
549 1442 600 1500 ast
614 1452 716 1517 supra
728 1435 920 1512 Comitium,
932 1436 1054 1501 obruta
1066 1440 1165 1500 sunta

77 1554 207 1619 superq.
221 1555 262 1600 ea
284 1536 449 1613 columna,
466 1555 543 1600 cum
557 1535 665 1618 ipsius
681 1536 800 1618 effigie,
814 1537 925 1621 posita
945 1543 1007 1602 est.
1050 1537 1161 1602 Servi-

76 1637 248 1701 linslacus
270 1637 502 1720 appellabatur
517 1645 577 1702 110
599 1657 655 1715 eo,
671 1639 729 1723 qui
757 1657 835 1702 enm
849 1638 1037 1704 iaoiendum
1061 1659 1158 1704 cura·

78 1743 169 1802 verat
192 1736 227 1800 11
247 1738 412 1821 principio
436 1739 502 1802 rici
522 1738 546 1802 J
549 1739 640 1822 ugari
670 1740 839 1804 continens
872 1740 1164 1818 11111111111111,Ι

76 1839 112 1903 11
131 1857 196 1922 quo
209 1839 284 1903 loco
307 1837 369 1903 luit
380 1837 505 1921 effigies
523 1836 637 1922 hydrae
652 1841 764 1922 posita
778 1861 800 1906 a
823 1841 874 1904 Μ.
889 1840 1052 1926 Agrippa.
1079 1842 1163 1906 Son-

77 1941 177 2004 ticum
198 1941 348 2004 morbum
367 1940 402 2004 in
421 1955 495 2003 xrr.
521 1939 707 2022 significare
729 1941 778 2006 ait
793 1941 903 2005 AElius
923 1942 1011 2007 Stilo
1035 1951 1163 2006 certum

76 2062 153 2106 cum
171 2041 265 2126 justa
287 2060 404 2119 causa,
424 2061 520 2125 quem
543 2043 689 2108 nonnulli
704 2049 827 2125 putant
841 2061 932 2120 ease,
956 2045 1013 2125 qui
1035 2051 1165 2120 noceat,

75 2143 165 2226 quod
185 2149 300 2208 sontes
321 2143 491 2226 significat
516 2151 685 2208 nocentes.
730 2143 874 2210 Naeuius
897 2144 970 2208 ait:
993 2143 1164 2210 Senticam

76 2263 154 2308 esse
164 2251 295 2327 oportet
311 2263 461 2322 oausam,
477 2265 577 2328 quarn
588 2246 708 2310 obrem
721 2245 847 2328 perdas
862 2245 1047 2312 mulierem.

75 2347 213 2410 Sacram
239 2347 328 2411 viam
353 2346 490 2430 quitiam
512 2346 716 2430 appellatam
738 2346 1047 2423 armanalanam,
1075 2344 1165 2428 quod

73 2450 108 2512 in
121 2467 162 2512 ea
176 2447 286 2514 ioetlns
301 2451 402 2514 ictum
421 2451 468 2514 sit
488 2449 574 2522 inter
588 2447 769 2514 Romulum
785 2467 826 2514 ac
839 2448 995 2514 Tatium:
1017 2446 1164 2532 quidam,

73 2549 165 2631 quod
180 2568 221 2614 eo
237 2551 353 2614 itinere
369 2555 501 2615 utantur
516 2549 710 2614 sacerdotes
733 2548 872 2613 idulium
896 2568 1064 2614 sacrorum
1085 2566 1166 2612 oon·

70 2650 286 2715 ficientlornm
310 2669 431 2716 cansa:
451 2653 534 2733 itaq.
556 2669 597 2714 ne
618 2657 757 2714 eatenus
771 2647 865 2732 [101]
880 2649 1026 2734 quidem,
1043 2649 1165 2713 11111-

69 2771 135 2834 gns
150 2753 315 2835 opinatur,
329 2771 425 2816 sacra
438 2751 641 2836 appellanda
652 2757 736 2818 eata
751 2753 841 2834 regia
856 2751 898 2814 ad
909 2751 1042 2815 domum
1060 2750 1165 2831 Regis

67 2852 263 2926 sacrificuli,
277 2851 337 2918 sed
352 2853 451 2917 etiam
466 2872 488 2915 a
501 2851 605 2934 Regia
620 2853 720 2917 domo
735 2852 779 2918 atl
794 2852 953 2916 sacellum
970 2852 1120 2924 Streniae,
1130 2859 1166 2912 ct

67 2971 189 3020 rursus
213 2972 235 3017 a
259 2954 350 3033 regia
372 2972 446 3036 usq.
472 2954 505 3016 in
531 2971 662 3016 arcem:
685 2959 779 3016 nec¹¹
802 2951 966 3033 appellari
980 2950 1101 3014 debere
1115 2950 1166 3014 ait

66 3053 224 3130 Verrius,
238 3053 298 3118 aed
314 3053 492 3138 disjuncte,
506 3059 541 3118 ut
550 3059 680 3118 cataras
696 3051 769 3116 vias
784 3051 994 3129 Flaminiam,
1005 3051 1165 3136 Appiam,

64 3157 241 3222 Latinam.

64 3257 122 3322 Ut
137 3276 179 3320 ne
195 3257 422 3322 Nouamuiam
433 3254 581 3341 quidem,
596 3254 657 3320 aad
675 3253 808 3319 Novam
829 3253 919 3318 viam
940 3251 1041 3320 Soita
1055 3251 1164 3334 plebei

64 3358 286 3442 appellantur
300 3377 353 3436 ea,
367 3377 444 3442 quae
467 3356 568 3440 pleps
585 3373 648 3418 auo
668 3355 823 3436 suffragio
838 3354 910 3416 sine
923 3354 1074 3437 patribus
1092 3351 1166 3434 jus·

65 3462 132 3538 sit,
161 3459 296 3542 plebeio
325 3459 519 3541 magistratu
543 3464 693 3538 rogante.
751 3453 960 3519 Solitaurilia
980 3453 1166 3518 hostiarum
1231 3505 1234 3512 r

61 3563 172 3628 trium
189 3561 313 3624 diversi
328 3561 454 3642 generis
475 3558 734 3623 immolationem
757 3555 954 3637 significant,
970 3557 1064 3634 tauri,
1080 3556 1165 3618 arie·

58 3666 125 3742 tis,
152 3663 267 3738 verris,
289 3661 380 3745 qnod
402 3679 515 3725 omncs
538 3677 588 3723 eae
612 3655 726 3734 solidi,
741 3656 892 3738 integriq.
916 3657 982 3720 sint
996 3656 1164 3740 corporis;
1186 3644 1189 3658 ¹

59 3770 192 3831 contra
206 3766 259 3830 aci
272 3769 297 3799 ¹²
344 3811 351 3826 .
397 3807 405 3824 .
450 3759 601 3828 verbices
617 3763 640 3805 ¹³
663 3757 804 3823 maiales
825 3757 884 3842 qui
895 3763 921 3803 ¹⁴
942 3759 1023 3841 quia
1045 3757 1165 3821 sollum

530 3969 708 3996 mm

93 4129 112 4176 a
133 4123 155 4176 1.
172 4125 343 4187 triggvin-9
359 4121 377 4175 1.
395 4123 571 4174 lanionia-lt)
588 4121 607 4172 1.
627 4137 642 4170 a
660 4121 763 4172 ‹rb-ll
781 4117 800 4170 1.
818 4133 859 4170 aee
881 4117 990 4169 tta-ta
1012 4115 1030 4166 1.
1051 4119 1165 4172 contrari.

42 4197 125 4243 -ta
139 4192 324 4240 veracem-lt
342 4185 360 4238 1.
380 4189 497 4252 malatera.

129 4278 260 4340 Detplt.et
276 4277 408 4330 1110111.
539 4275 623 4338 Pomp·
636 4274 699 4326 Fert.
1046 4275 1061 4320 t
1078 4271 1099 4320 B
