2930 4870
505 425 778 473 snscuuuuuu.
1104 415 1189 479 1077

101 561 169 644 [54]
189 581 317 627 necesse
331 562 468 628 decidere
490 565 523 627 iu
548 576 663 630 terram
679 566 811 652 aliquid,
825 567 908 653 quad
921 568 1093 652 tripudium
1097 569 1191 656 suce-

101 673 156 738 ret,
173 664 207 728 id
231 672 293 741 est,
314 666 516 750 terripavium
532 668 656 750 (pavire
672 667 858 752 enimferire
872 675 949 748 est)⁷
966 691 1002 732 en
1017 692 1076 754 quo
1091 673 1191 735 natiu-

101 785 172 828 uem
187 769 445 851 caperentjirtnri
453 791 463 829 .·
486 790 558 831 nam
572 768 598 831 si
604 767 699 852 pulli,
705 791 764 853 per
772 790 846 854 quas
861 771 1111 856 auspicabantur,
1124 794 1190 839 nou

101 867 235 944 edissent,
252 865 426 950 pericnlum
450 869 606 932 imminere
620 870 879 934 arbitrabantur:
901 883 935 935 at
952 875 1009 956 qui
1025 875 1191 957 pavissent,

101 967 208 1031 bonnm
222 969 390 1054 augurium
409 992 470 1034 esse
479 970 650 1054 putabant,
665 972 691 1034 si
707 981 775 1037 tum
791 993 828 1036 eu
842 996 893 1037 are
917 975 959 1038 eis
977 975 1110 1039 edentib.
1131 975 1190 1038 ali·

100 1069 172 1154 quid
181 1067 346 1134 decidisset.
393 1069 550 1138 Portenta
564 1071 748 1157 rerumfieri
756 1073 913 1146 dicuntur,
927 1098 995 1138 cum
1010 1075 1108 1139 solida
1124 1097 1191 1140 ear·

97 1191 173 1252 para
188 1191 261 1234 rara
283 1190 321 1236 se
343 1171 535 1242 ostendunt:
557 1184 592 1236 ut
616 1184 747 1252 cometa,
762 1174 910 1254 turbines,
925 1175 1089 1254 barathra,
1106 1177 1191 1242 toni·

99 1273 167 1334 tria
189 1292 294 1337 sereno
321 1271 393 1336 caio
410 1272 516 1365 facta.
564 1271 725 1338 Pedestria
748 1278 895 1360 auspicia
920 1276 1189 1340 arbitrabantnra

99 1371 199 1458 vulpe,
221 1373 304 1457 lupo,
319 1385 467 1457 serpente,
492 1396 577 1460 equa,
592 1377 768 1460 ceterisque
784 1377 969 1441 animalibus
983 1377 1190 1462 quadrupedi-

100 1474 163 1538 bus.
221 1471 418 1558 Prapterviu
444 1474 688 1560 appellabantur
711 1477 861 1561 auspicia,
890 1501 957 1564 qua
980 1501 1040 1542 sese
1062 1491 1190 1564 propter

99 1575 180 1639 uiarn
197 1576 407 1642 ostentabant
494 1620 889 1644 .....
932 1579 1036 1643 infirm
1083 1625 1093 1645 .
1182 1625 1189 1642 .

101 1721 493 1742 .....
582 1675 770 1744 Piacularia
806 1677 1011 1763 appellabunt
1041 1679 1190 1764 auspicia,

97 1775 134 1842 id
158 1788 210 1858 est,
240 1777 403 1861 sacrificia,
428 1777 558 1864 antiqua
592 1778 745 1862 loquendi
774 1781 1006 1859 consuetudine,
1037 1803 1104 1843 cum
1120 1791 1190 1856 ¹usu

98 1878 198 1943 bastin
210 1878 251 1943 ab
265 1901 323 1942 ara
337 1875 466 1966 esiugit,
482 1885 539 1943 eut
548 1899 693 1962 percussa
706 1881 857 1966 mugitum
873 1880 966 1956 dedit,
982 1893 1036 1944 aut
1049 1881 1083 1944 in
1095 1880 1190 1943 sliam

96 2003 191 2066 quarn
215 1981 363 2064 oportuit
386 1991 508 2061 purtem
537 1981 676 2064 eorporis-
697 1979 820 2044 decidit.
867 1979 1024 2068 Pestifera
1052 1980 1189 2064 auspicia

94 2091 185 2156 sunt,
200 2103 276 2147 cum
299 2102 356 2147 eor
384 2082 418 2146 in
448 2083 536 2160 entis,
556 2093 613 2146 ant
636 2095 730 2166 eaput
755 2105 816 2145 nan
829 2081 947 2168 suisset
969 2085 1001 2146 in
1022 2083 1187 2166 jocinore.

95 2181 297 2250 Pullarinm·
324 2207 344 2248 a
365 2183 463 2268 pullis
486 2183 677 2270 appeliatum
705 2183 841 2267 quidum
865 2192 996 2268 putant,
1024 2185 1103 2268 quia
1125 2203 1190 2246 nou

93 2283 196 2364 atiud,
219 2284 272 2349 sed
292 2284 346 2349 boc
368 2286 397 2350 ei
417 2286 575 2369 peculiare
597 2293 661 2364 est,
678 2304 770 2352 avem
796 2283 995 2370 auspicando
1018 2285 1189 2348 obseruare.

92 2385 255 2471 Prapetes
277 2407 358 2454 aves
383 2389 547 2467 dicuutur,
579 2408 656 2472 quae
676 2409 714 2452 se
741 2397 811 2452 ante
830 2385 1038 2470 auspicantem
1054 2384 1190 2472 ferunt:

90 2509 173 2554 nam
190 2489 319 2572 antiqui
329 2499 513 2574 praepetere
529 2489 668 2555 dicebant
681 2512 739 2574 pra
754 2490 879 2553 anteire.
924 2489 1073 2554 Pecunia
1088 2489 1191 2552 sacri-

91 2589 210 2656 ficium
224 2588 302 2674 fieri
317 2589 468 2670 dicebant,
483 2614 551 2655 enm
564 2590 702 2679 frugum
714 2590 957 2678 fructumque⁸
983 2609 1089 2654 causa
1104 2589 1190 2652 mola

90 2712 183 2774 pura
200 2689 385 2775 afferebatur
398 2691 431 2754 iu
444 2693 614 2776 sacrificio,
625 2695 704 2777 quia
713 2693 820 2756 omnis
836 2712 889 2756 res
905 2691 1083 2766 familiaris,
1097 2711 1190 2774 qnam

89 2813 177 2854 neme
195 2791 359 2875 pecuniam
381 2791 534 2869 dicimus,
551 2813 596 2856 ex
625 2793 677 2857 his
698 2794 794 2857 rebus
822 2792 1010 2856 constabat.¹
1042 2789 1189 2875 Prepecta

87 2913 185 2956 sacra
208 2893 432 2976 appellantur,
453 2913 528 2976 quae
554 2893 737 2975 fulgurante
758 2892 829 2956 cata
845 2889 950 2970 fiunt,-
973 2901 1044 2954 tunc
1065 2913 1097 2952 n.
1115 2911 1191 2974 pra-

80 2997 187 3080 jecta
200 2994 464 3077 depellendorum
490 2993 644 3058 melanem
659 2993 841 3080 fulgurum,
856 2992 906 3056 vet
925 2991 1189 3075 procurandarum

87 3099 256 3160 bonorum
269 3115 373 3162 causa
388 3096 479 3160 fiunt.
524 3094 648 3159 Parilia
650 3094 742 3182 festa
757 3093 815 3157 sibi
831 3092 1026 3157 observanda
1035 3092 1189 3176 judicant

86 3196 247 3281 privatim
262 3195 333 3280 ipsa
358 3217 476 3281 qaoque
486 3217 657 3281 puerperae
683 3197 946 3274 udministuatis‚⁹
961 3196 1009 3259 uti
1026 3191 1188 3278 parienda,

85 3293 135 3358 ab
150 3297 195 3360 eis
208 3297 297 3382 qnasi
311 3297 519 3363 stubillentur
533 3301 559 3335 ¹⁰
574 3298 703 3364 Parilia
716 3297 804 3362 festa
890 3341 899 3359 .
988 3341 995 3358 .
1082 3343 1090 3360 .
1181 3339 1188 3356 .

120 3697 142 3743 't
160 3691 255 3758 ().-8
273 3689 524 3758 bsructuumqueett
539 3691 632 3744 fidant
642 3692 834 3744 instratu-1⁰
851 3690 871 3743 f.
887 3693 1045 3744 stabiliantur.

590 3854 698 3905 NOTAE

118 3963 130 3988 ¹
152 3951 304 4016 Puttass'uru]
325 3951 380 4001 Lis.
392 3952 436 4002 lib.
453 3965 494 4001 tx.
515 3950 627 4014 ·Auspi·
665 3939 750 4000 Viles.
762 3951 833 4000 Max.
845 3951 889 4000 uu.
901 3964 920 3999 ι.
933 3955 1022 4014 esp.t.
1051 3950 1189 4011 ‘usvun-

80 4033 134 4084 cin
149 4028 281 4080 servantis
294 4041 350 4077 esse
367 4028 490 4091 puttasius
502 4027 626 4076 uuutistz'
666 4029 718 4076 rius
739 4042 788 4076 nau
808 4027 879 4075 exire
902 4028 985 4088 puttas
1011 4039 1089 4074 enses
1106 4027 1189 4074 ninut-

76 4118 112 4159 ει
142 4106 191 4154 uu.
217 4103 420 4152 1.·Puitarium
441 4104 467 4152 iu
487 4103 627 4166 euspicium
666 4102 750 4152 meti
788 4103 840 4152 Pro
860 4103 1189 4165 sensumterraeque

75 4182 259 4243 mittit,’&c·
273 4183 282 4208 ⁴
294 4179 360 4229 Nam
369 4195 428 4231 eum
438 4181 500 4244 pulli
510 4195 560 4228 nau
570 4195 628 4242 pas·
666 4178 848 4242 supplevimus,
866 4179 981 4243 placeret
1003 4179 1092 4242 magis,
1111 4180 1190 4244 nupt:

74 4254 628 4324 ocreatus,pullariusmentiriuusnultrc.
665 4257 735 4306 santi
743 4256 833 4318 grain
