2880 4862
223 385 270 432 nn
295 385 503 434 vnnuouuu
527 383 837 436 sruurrroerronu
862 389 935 436 orn.
958 389 1055 438 xvu.
1122 375 1187 440 837

113 531 117 538 '
137 527 297 612 patriciae
312 527 400 606 or'do,
414 537 543 614 rogante
550 527 695 613 patricio,
709 529 771 592 ann
786 527 950 614 suffragiis
957 532 1078 616 jussit:
1101 531 1185 617 qnod

138 639 238 694 onum
252 628 361 716 aliquo
376 630 587 716 interrogante
602 647 647 695 ex
662 631 816 715 putribus
832 639 866 696 et
884 630 974 715 plebe
994 631 1189 720 suffragante

136 732 243 796 ecitem
264 743 351 810 creet,
374 732 410 796 e'd
421 732 502 816 jum
525 732 615 814 leges
637 732 766 816 scripte
786 732 979 798 dicebantur.
1025 733 1088 798 Sed
1107 735 1191 798 iilud

134 833 351 920 plebeiscitum
371 842 434 913 est,
449 834 541 916 quod
555 833 633 898 TR.
655 834 728 901 PL.
743 833 807 898 eine
817 833 958 920 patriciis
965 833 1085 918 plebem
1095 859 1189 922 roga·

136 940 197 1015 vit,
217 937 252 1002 id
277 944 341 1014 cst,
364 935 542 1014 consuluit,
560 933 720 1021 plebesque
741 936 851 1001 reicit:
873 937 992 1021 probes
1007 947 1121 1002 autem
1136 948 1191 1005 cot

139 1036 233 1100 munic
243 1035 379 1121 populns
391 1046 505 1119 preter
518 1047 673 1100 senatores
687 1048 717 1101 ct
732 1043 853 1121 praetor
868 1039 1040 1122 patricios.

99 1139 185 1203 Scito
199 1136 315 1224 feece'e,r
334 1159 396 1222 pro
423 1138 513 1202 bonu
534 1137 634 1214 facie,
650 1138 735 1203 alias
747 1139 846 1204 bouis
864 1159 921 1224 pro
941 1138 1024 1202 critic
1044 1161 1064 1202 α
1079 1140 1191 1222 ροὸῑίε

137 1249 353 1324 usurpantur.
395 1239 563 1306 Terentina
578 1239 612 1302 in
624 1237 823 1316 Phormione,
834 1239 937 1318 Sutia,
952 1240 1070 1324 inquit,
1086 1243 1191 1308 scitu:

138 1339 575 1414 ct'Heontootinornmeno:
603 1339 653 1405 At
673 1343 702 1406 si
725 1344 827 1420 scias,
841 1362 940 1425 quam
963 1344 1045 1406 scite
1061 1341 1094 1405 in
1109 1363 1192 1406 mere·

139 1453 198 1506 tem
214 1443 391 1508 venuit:¹⁶
404 1451 443 1508 ut
458 1442 585 1507 Ennius
598 1443 634 1506 in
648 1442 733 1508 libro
747 1451 866 1508 sexto:
891 1443 1019 1508 Lumen
1086 1493 1094 1509 .
1182 1491 1191 1509 .

141 1593 148 1608 .
239 1591 246 1605 .
335 1589 343 1605 .
431 1591 439 1608 .
474 1615 480 1626 ,
529 1589 923 1606 .....
955 1547 1189 1628 scitusagaso.

100 1646 238 1712 Scorto¹
263 1645 473 1730 appellentur
495 1645 664 1709 meretriceo
686 1666 722 1708 ec
741 1645 967 1710 consuetudine
990 1649 1192 1712 rusticorum

140 1749 205 1834 qni,
220 1759 257 1812 ot
274 1759 316 1812 eet
331 1748 418 1831 opud
430 1747 591 1812 Atellanos
610 1749 765 1833 antiquos
781 1749 935 1814 sotebant
948 1749 1050 1814 dicere
1063 1771 1093 1812 ce
1106 1759 1193 1812 ottu-

141 1851 215 1916 lisee
235 1872 298 1934 pro
320 1861 417 1914 scorto
439 1851 675 1933 pelliculam,¹⁷
705 1852 815 1916 omnia
835 1871 966 1934 numque
996 1871 1031 1912 ec
1061 1849 1193 1934 pellibus

132 1949 239 2037 foetu,
252 1962 368 2016 scorteo
391 1952 611 2036 appellantur,
626 1962 656 2015 et
683 1949 815 2028 Sourta,
835 1951 870 2016 id
889 1961 943 2030 ert,
964 1931 1057 2035 petto
1072 1952 1193 2016 tertium

144 2055 376 2132 Arietinorum,
391 2057 435 2120 ab
449 2055 556 2120 isdem
570 2053 693 2118 reorteie
703 2052 837 2138 pellibus
848 2053 935 2119 Idem
955 2050 981 2116 V
981 2053 1081 2117 errice
1095 2051 1193 2116 dictor

143 2177 217 2221 csso
237 2159 295 2220 ait.

104 2257 214 2322 Sourta
237 2257 446 2341 appellantur
470 2258 663 2322 meretrices
678 2256 772 2340 quio,
792 2261 830 2320 ut
858 2255 1037 2340 pelliculoc,
1058 2253 1193 2336 [Pron.

103 2359 108 2366 '
142 2361 355 2442 subigantur:
391 2361 502 2425 omnia
529 2379 670 2443 namque
699 2378 744 2422 ex
773 2358 917 2442 pellibus
946 2356 1037 2422 factu
1059 2365 1195 2422 scortea

143 2463 364 2547 appellantur.
400 2463 552 2540 Soortee,
566 2462 600 2527 id
614 2470 677 2536 eet,
690 2461 798 2544 pelles
813 2461 950 2525 testium
962 2459 1187 2537 arietinorum,

144 2565 187 2626 ab
201 2563 327 2628 eisdem
341 2562 488 2647 pellibus
502 2561 644 2628 dictoost'

557 2726 735 2748 Um„

102 2842 316 2956 vlp'zetbieepd.
332 2845 472 2908 clepa—ib
489 2843 539 2894 Ed.
557 2842 626 2894 Scri.
646 2843 803 2894 Veneri—li
823 2843 887 2892 End.
910 2841 952 2892 ed.
971 2841 1195 2890 murm-ru

127 2921 162 2956 e.
182 2923 190 2957 ι
211 2943 218 2955 .
281 2923 299 2956 r.

595 3069 701 3120 NOTAE

104 3191 133 3232 et
142 3183 218 3248 plebe
228 3180 392 3244 auffragaute
402 3182 493 3232 acitnrn
510 3191 588 3242 erret,
604 3181 630 3231 id
672 3182 748 3232 [dent.

104 3269 157 3308 tneo
176 3262 258 3322 legem
274 3259 399 3320 ecriptatu
418 3258 517 3309 dictum
533 3258 631 3320 briaen
702 3257 827 3322 tricoria]
840 3254 952 3306 Videud.
965 3254 1049 3304 Varro
1061 3253 1105 3304 tib.
1117 3251 1197 3302 vnde

105 3338 145 3385 tea
157 3339 224 3386 euim
237 3337 343 3400 proprie
354 3335 489 3385 dicebatur
501 3336 569 3399 quod
581 3336 631 3385 Pu·
671 3337 744 3399 [eing-
758 3337 815 3385 Lat.
832 3333 890 3384 Aet.
902 3333 967 3393 Aeg.

104 3415 179 3476 putee
196 3415 327 3464 Romanoa
345 3413 467 3474 comitib,
484 3414 524 3462 vel
541 3421 631 3463 centu·
704 3411 789 3461 Scorto
808 3406 969 3472 appeitoater]
995 3407 1070 3454 Varr.
1092 3403 1138 3454 tib.
1159 3415 1198 3453 rr.

103 3489 236 3548 cierunt
254 3489 371 3550 tributia,
387 3489 428 3538 vei
448 3489 564 3544 curiatio.
580 3504 631 3538 eruo
671 3485 805 3535 'Scortari
827 3491 869 3532 eat
890 3483 983 3546 carpine
1008 3481 1197 3532 meretriculam

102 3567 188 3630 atiquo
200 3579 216 3614 e
227 3565 418 3628 magietraubue
436 3565 576 3629 major-ibor
594 3565 629 3612 iu·
671 3561 776 3620 ducere,
787 3573 846 3624 que
860 3557 931 3608 dicte
949 3573 964 3606 a
984 3559 1061 3622 petie.
1090 3557 1120 3607 ld
1132 3557 1198 3606 euim

103 3649 263 3703 terrogaute,
277 3639 358 3688 vetuti
369 3639 633 3700 conante,conttitue·
672 3651 722 3686 uon
734 3637 815 3686 coium
826 3635 922 3698 antiqui
940 3634 1063 3684 dicebant
1078 3642 1201 3692 arcetum,

103 3717 159 3767 bat.
171 3717 271 3768 Juatin.
283 3718 298 3779 ς
309 3719 334 3766 t.
350 3717 392 3766 De
397 3717 456 3780 jure
467 3723 537 3766 natu.
554 3716 616 3765 Doe.
670 3711 717 3761 aed
735 3713 813 3761 eriam
832 3725 898 3760 nunc
914 3711 1022 3760 dicimur
1040 3719 1152 3768 scortea,
1169 3721 1201 3756 ea

135 3791 145 3826 ¹
158 3793 228 3842 Seite
231 3789 312 3852 faciel
324 3791 389 3842 Qua
403 3793 427 3840 iu
439 3789 491 3840 dua
502 3791 632 3840 autenticit
672 3803 731 3852 qam
742 3789 857 3836 excorio
877 3795 905 3838 et
921 3787 1031 3850 pettibnc
1050 3793 1109 3834 aunt
1121 3782 1201 3832 fecta.

99 3879 191 3920 notata
211 3869 307 3918 relicta
319 3875 388 3928 ruat,
402 3868 427 3916 in
439 3869 469 3917 iic
480 3876 632 3918 nocturnum
672 3865 739 3916 iuda
762 3864 787 3912 iu
809 3865 908 3927 aliquot
936 3863 1016 3910 aecrie
1046 3875 1077 3908 ac
1098 3858 1200 3906 arcellis

100 3951 153 4000 iter
163 3947 279 3996 conantia
293 3945 333 3992 eei
346 3943 411 3993 atina
423 3943 556 4007 cujttadaru
572 3957 633 3993 auc·
672 3941 798 4004 acriptntn
809 3939 942 3998 habemur,
954 3949 986 3984 ue
998 3934 1059 3997 quiid
1072 3941 1201 3981 reorteunr

100 4025 211 4074 raritate
222 4020 328 4086 praediti
345 4018 512 4068 describebat
528 4019 634 4079 Eunias,
673 4016 835 4068 adhibeatur,
847 4011 905 4060 ideo
916 4025 949 4059 ue
966 4009 1127 4058 morticinum
1140 4007 1202 4071 qnid

100 4103 145 4153 eui
174 4113 254 4164 agero
281 4096 461 4162 praelucebat:
495 4095 634 4145 luminibua
674 4092 750 4142 adeit.
774 4090 805 4139 iu
819 4085 948 4138 Atellania
962 4085 1025 4134 ticet
1042 4084 1203 4133 aniucadeer.

99 4179 170 4228 euim
182 4185 209 4225 et
226 4173 331 4224 ieeibna
351 4172 376 4221 iu
393 4170 561 4221 conficiendis
576 4185 637 4220 uoc-
674 4176 733 4217 tere
745 4164 851 4214 rusticor
863 4161 996 4222 dicecere
1009 4159 1202 4225 addoaiarepro

99 4253 184 4304 turuie
202 4248 343 4302 itineribus
358 4247 467 4297 Veteres
487 4247 637 4300 utebantur·
677 4249 764 4296 acceto
775 4237 939 4307 pelliculam.¹
956 4238 1018 4288 Dec.
