2908 4870
249 357 315 425 918
589 371 701 422 sexus
727 367 877 422 rourum
904 370 1014 423 unser

229 561 232 566 -
294 511 469 596 sublicibus,
481 514 635 600 peculiari
646 515 815 582 vocabulo
826 515 1034 594 Volscorum,
1047 535 1113 602 quc
1125 525 1200 579 seut
1208 513 1290 603 tigno
1302 518 1328 582 in

294 619 504 685 latitudinem
519 627 655 696 retruso,
671 639 738 706 que
752 639 813 682 uon
827 621 924 684 aliter
939 617 1111 682 Fonnieni
1125 629 1238 690 oocrut,
1253 641 1329 705 quoru

294 745 315 785 o
330 721 451 785 nomine
464 743 598 788 eorum:
620 731 651 787 et
665 743 733 808 que
743 720 784 784 ab
795 719 866 784 oliis
878 719 1055 785 auctoribus
1065 721 1213 786 sublices
1223 739 1333 786 vocen-

295 833 348 887 tur
363 823 446 908 quod
457 822 513 887 sub
527 823 569 888 eis
585 843 675 908 aque
689 825 822 909 liquens
838 821 1009 902 laberetur,
1023 822 1124 902 dicte,
1139 828 1174 888 in
1189 841 1258 906 qun
1272 825 1334 908 opi-

295 924 525 1012 nionesuit.
613 971 621 988 .
711 973 720 991 .
995 925 997 930 ’

297 1074 305 1091 .
416 1077 424 1093 .
514 1073 521 1088 .
611 1071 619 1088 .
706 1072 715 1090 .
789 1048 821 1092 m
855 1070 1332 1091 ......

296 1137 330 1196 ei
344 1131 492 1197 meminit
506 1128 745 1216 subiioipoutis:
766 1051 805 1194 iu
822 1126 946 1196 Neuius
960 1129 1017 1213 qui
1037 1130 1087 1194 ait
1100 1129 1224 1194 inbelli
1236 1125 1335 1190 Proici

297 1233 321 1295 ti
344 1255 360 1294 r

297 1232 398 1418 quietim
412 1335 576 1419 liquidum
590 1332 718 1398 srrblicio
732 1329 841 1398 t'rorrnt
851 1345 948 1419 postte
962 1353 1105 1412 emnem,
1114 1329 1336 1411 etalii,tsbulir

298 1435 352 1521 qui
366 1435 466 1500 edituo
482 1455 596 1500 nomen
609 1436 729 1501 retinet
758 1474 1336 1502 .......

298 1538 480 1602 Sallustius
494 1539 578 1604 libro
593 1549 710 1622 quarto
737 1535 951 1603 Historiarum
976 1559 1017 1604 ne
1038 1539 1232 1604 inrumiendi
1247 1533 1338 1620 pontis

298 1637 409 1702 srrblioi
453 1685 461 1703 .
1288 1629 1294 1644 '

300 1742 487 1808 sublicibus
503 1748 624 1807 cavata
659 1783 1338 1808 ........

302 1853 407 1910 essent
468 1893 476 1909 .
567 1891 574 1906 .
661 1890 670 1908 .
759 1892 768 1912 .
857 1891 865 1906 .
952 1887 961 1906 .
1047 1891 1056 1909 .
1149 1891 1157 1908 .
1333 1894 1342 1909 .

257 1945 480 2014 Sublimavitd
496 1947 610 2030 dixit,⁵
633 1947 666 2012 id
682 1953 744 2026 est,
759 1946 794 2010 in
809 1947 914 2013 ultum
927 1947 1063 2026 extulit,
1079 1945 1249 2030 Originum
1265 1944 1341 2008 libro

289 2249 305 2293 ὅ
324 2245 371 2294 Vir
381 2244 453 2296 doct.
462 2245 488 2295 iu
500 2259 581 2308 msrg.
592 2243 709 2309 ejusdem
719 2242 761 2294 ed.
770 2243 879 2306 conjicit
889 2245 953 2296 steti
964 2245 1034 2295 Coto.

753 2403 860 2456 NO'l'AE

260 2517 317 2552 rum
346 2515 409 2566 pons
435 2500 576 2551 nitebatur.
606 2501 688 2553 torm
711 2510 788 2552 vetus
828 2501 996 2568 sequentibus
1011 2501 1141 2552 fscilerue
1161 2500 1283 2566 expedire
1300 2513 1345 2547 uou

261 2578 439 2628 Glossarium:
457 2576 597 2638 ‘sublicss,
612 2579 756 2642 καταιῆγις,
767 2575 790 2627 oi
829 2593 941 2644 possum,
952 2579 1069 2643 ejusdem
1086 2593 1149 2629 sene
1166 2577 1285 2627 ridentur
1295 2589 1347 2624 esse

260 2655 393 2716 lrrorsod
400 2652 555 2718 τὴνγᾶφνραν
564 2652 789 2716 isoflumdi'orrerl
830 2657 932 2707 Nesii:
951 2657 986 2707 Et
996 2670 1047 2706 uon
1058 2655 1174 2706 melesio
1189 2669 1219 2703 es
1230 2663 1258 2703 et
1268 2667 1348 2704 emen-

259 2730 294 2782 Id
306 2733 372 2786 est.⁴
384 2729 510 2792 Sublices,
520 2731 590 2793 tigne
601 2745 658 2795 quse
670 2731 696 2780 iu
710 2729 789 2781 flutio
830 2731 904 2780 dsbis
921 2746 952 2781 sc
970 2730 1113 2795 supplebis,
1125 2739 1155 2779 ut
1172 2731 1279 2780 ulcerum
1297 2742 1348 2778 ser·

261 2813 367 2870 pontem
390 2807 536 2856 sustinent.¹
580 2805 672 2865 nnete,
692 2805 791 2857 sublices
830 2821 886 2858 sum
898 2805 1174 2856 Sstnruiuurefficiss:

261 2881 354 2945 dictes,
365 2880 432 2946 quod
446 2881 493 2930 sub
512 2881 549 2932 eis
565 2896 632 2946 sque
643 2882 743 2947 liquens
755 2883 790 2932 is·
865 2885 943 2940 quss
958 2885 1072 2946 liquidust
1086 2889 1168 2934 trosut
1177 2881 1272 2932 ubiirio
1284 2885 1351 2948 psutr

259 2957 377 3022 bereum,
389 2958 455 3023 quod
470 2972 520 3008 uon
531 2959 634 3008 omniuo
644 2958 790 3024 improbau·
925 2973 1026 3010 omem.

262 3033 332 3090 dnm,
351 3035 398 3084 sed
414 3035 496 3097 magis
516 3035 603 3100 piscet
621 3033 688 3100 qtsod
704 3039 790 3084 menet
834 3035 950 3086 Bruttis

260 3109 386 3174 Scsllger,
404 3109 526 3171 subiicere⁹
544 3110 586 3159 vel
608 3109 718 3160 subiicere
736 3109 791 3158 dic·
864 3115 889 3163 Β
899 3113 1200 3178 tubsiitodlrseqsisorses
1207 3113 1353 3176 sbtisctpsw

263 3195 327 3242 tsru.
338 3195 367 3236 nt
378 3185 504 3250 obliquum,
514 3193 542 3235 et
557 3185 667 3248 intelligi
683 3184 792 3236 trebem.
863 3191 992 3240 subitum

263 3261 597 3326 mahummariam,
615 3262 656 3310 rel
671 3260 793 3326 esitium
833 3265 1072 3331 EtSettsstimec.
1104 3265 1174 3317 Nihil
1193 3273 1277 3316 tumen
1290 3263 1354 3314 sffir-
1428 3299 1429 3316 i

263 3345 292 3386 et
310 3338 416 3402 obliquus
433 3337 578 3401 composite
597 3344 665 3398 sunt,
682 3347 791 3401 qnorum
832 3357 883 3408 mo,
902 3357 985 3408 neque
1004 3343 1071 3392 euim
1091 3343 1150 3391 mihi
1167 3350 1196 3392 et
1215 3340 1318 3400 homiui,
1330 3347 1356 3389 et

263 3412 460 3476 simplestiqesr
475 3411 609 3476 vestique.
641 3412 724 3460 Vetus
733 3424 792 3461 suc·
833 3417 1213 3483 sdbueJ'urruitsutsfiduciu.
1247 3417 1356 3480 locopo-

263 3492 306 3535 tor
317 3487 423 3551 loquens
435 3488 468 3537 de
477 3486 566 3551 figuris
578 3497 605 3538 et
617 3488 794 3538 liueeurentlst
834 3493 884 3542 tius
896 3491 1056 3542 doctioribus
1071 3491 1197 3556 relinquo.
1210 3493 1252 3556 qui
1263 3492 1356 3540 certius
1427 3533 1428 3562 ¹

261 3561 671 3614 ‘Omnemsutemsnmmitutem
684 3564 793 3613 metlen-
833 3565 867 3616 de
881 3566 912 3615 iis
925 3565 1135 3628 pronuntiabunt.
1168 3567 1360 3616 Eemiidcerte
1427 3567 1428 3623 i

264 3636 292 3687 di
302 3636 495 3688 observetioues
510 3644 571 3686 suut
585 3637 659 3700 dom
684 3638 795 3689 euonnie
833 3657 894 3707 spes
910 3649 950 3692 est
967 3640 1024 3692 fore
1040 3649 1068 3691 nt
1084 3641 1153 3706 sequi
1170 3643 1260 3692 burum
1276 3653 1359 3692 rernrs

265 3721 293 3764 et
313 3713 398 3779 liquis.
431 3713 549 3762 Euormts
572 3727 630 3778 quse
650 3716 675 3764 iu
694 3729 794 3764 omnem
835 3719 1006 3768 ustimstores
1023 3717 1157 3768 conatibus
1179 3719 1274 3768 nostris
1292 3717 1361 3767 isre-

265 3799 351 3842 setnm
369 3790 447 3841 rectis
466 3789 567 3852 ungulis
587 3791 745 3858 continetur,
765 3793 795 3842 li·
834 3803 888 3859 snt,
900 3795 1043 3858 presertim
1055 3795 1076 3843 si
1091 3792 1201 3843 subinde
1216 3795 1362 3844 sesehoroi-
1426 3833 1427 3840 ,

266 3869 324 3932 quis
336 3883 394 3933 quse
412 3865 544 3917 minuendi
561 3865 657 3918 laboris
668 3881 755 3927 csms,
766 3877 795 3920 et
831 3883 880 3920 nes
896 3869 1073 3931 recordentur,
1090 3867 1246 3932 humanique
1266 3871 1330 3918 nibil
1348 3885 1362 3918 e

265 3945 337 3993 sulus
359 3953 489 3994 rectorum
512 3943 613 3994 ratione
636 3945 795 4010 sugulormm
833 3959 861 3996 ee
881 3947 992 3996 stienum
1011 3945 1169 3994 existiment.
1204 3944 1256 3994 Sed
1274 3947 1366 3994 redes·

264 4022 403 4073 secondum
424 4023 504 4085 ipsum
525 4021 717 4073 extremitatem
736 4024 795 4074 sub·
834 4038 900 4074 mus.
941 4022 1028 4072 Verbs
1049 4021 1167 4070 Sstlustii
1191 4037 1249 4086 quse
1271 4023 1366 4072 Festus

265 4097 399 4148 tenditur?
431 4096 506 4147 luirn
517 4099 543 4146 in
556 4098 640 4148 serbis
653 4099 738 4149 Nervii
748 4100 793 4149 Ss-
833 4097 965 4162 senneber,
973 4095 1072 4161 aliquid
1083 4096 1305 4147 comminiscendo
1315 4099 1364 4146 eel-

266 4173 794 4239 turuiumuersumsguosco:thiqsi·
832 4174 858 4223 ie
886 4173 965 4221 edere
999 4171 1075 4220 nimis
1108 4171 1280 4234 periculosum
1321 4185 1369 4224 est.

266 4251 322 4298 durs
341 4253 422 4298 tresel
437 4249 534 4300 milicie
550 4256 620 4314 ponte
638 4265 738 4302 emersu
771 4249 794 4301 E
831 4251 922 4304 Qusre
944 4247 1007 4298 nihil
1023 4247 1146 4308 teotub03
1164 4247 1215 4298 itcc
1232 4261 1313 4301 unum
1331 4251 1369 4301 dl·

1421 4635 1424 4812 i
