2930 4870
263 399 349 466 1002
597 405 710 462 suant
737 411 888 462 ronrnn
914 409 1018 462 rnsnr

303 553 507 642 pugnabant,
525 571 603 638 quae
628 555 697 620 tela
720 555 877 633 seruntur,
903 575 971 620 non
988 562 1148 621 tenentur.
1193 553 1333 620 Catoeor

302 659 497 724 ferentarius
512 657 609 734 dixit,
635 657 693 740 qni
708 657 776 721 tela
791 675 830 721 ao
846 657 1005 740 potiones
1020 657 1184 721 militibus
1207 675 1335 739 puguan-

303 761 394 825 tibus
413 756 673 824 ministrabam!

262 862 439 928 Velitutio·
461 861 554 925 dicta
576 867 628 926 est
649 861 738 924 ultro
753 861 905 944 citroque
927 861 1119 943 probrorum
1136 859 1294 942 objectio,
1306 860 1335 922 ab

305 963 461 1048 exemplo
476 962 623 1028 velitaris
637 981 767 1046 pugnae.
811 961 969 1028 Plautus:
987 962 1117 1028 Nescio
1132 961 1214 1046 qnid
1231 961 1337 1026 velitati

307 1065 390 1130 estis
406 1065 576 1127 intervos.

263 1165 484 1232 venditiones
499 1164 580 1228 olim
595 1161 807 1230 dicebantur‘
819 1163 1002 1229 Censorem
1017 1165 1214 1242 locationes,
1230 1163 1338 1248 [Puer.

306 1265 396 1350 quod
412 1266 504 1330 velut
519 1265 649 1330 fructus
665 1265 876 1349 publicorum
891 1266 1040 1330 locorum
1056 1267 1226 1332 venibant.

263 1368 444 1433 Venerari⁸
466 1367 602 1432 verbum
617 1368 837 1451 compositum
855 1385 900 1432 ex
914 1368 1022 1444 venia,
1036 1376 1067 1432 et
1080 1368 1219 1432 orando.

261 1465 471 1535 ventabantl
494 1467 650 1532 dicebant
664 1469 814 1552 antiqui:
836 1469 922 1533 unde
938 1471 1180 1553 praepositione
1217 1469 1337 1552 [Peon.

304 1573 438 1658 adjecta
452 1571 490 1638 lit
503 1572 739 1638 adventabant.

264 1675 459 1740 ventabant
473 1675 598 1758 antiqui
614 1675 769 1740 dicebant
784 1677 857 1741 sine
872 1677 1119 1761 propositione,
1133 1695 1195 1760 pro
1230 1674 1339 1752 [Fusr.

307 1775 543 1842 adventabant.

264 1873 332 1942 Ver
347 1873 495 1943 sacrum¹
511 1878 655 1943 vovendi
671 1895 745 1943 mos
759 1877 821 1943 luit
836 1865 954 1944 Italis:
968 1881 1097 1964 magnis
1109 1881 1196 1944 euim
1220 1879 1340 1964 [Pecu.

305 1979 462 2064 periculis
487 1981 621 2046 adducti
647 1982 822 2060 vovebant,
844 1999 1066 2068 quaecumque
1095 1983 1251 2066 proximo
1278 1999 1340 2043 vere

305 2089 385 2146 nata
400 2089 512 2148 essent
535 2082 625 2166 apud
648 2102 686 2146 so
710 2081 879 2160 animalia,
902 2083 1143 2149 immolaturos.
1188 2083 1343 2148 seucum

307 2183 444 2249 crudele
460 2183 627 2250 videretur
647 2203 773 2268 pueros
795 2199 836 2248 ac
859 2184 989 2268 puellas
1013 2185 1209 2248 innocentes
1236 2183 1343 2249 interfi-

307 2305 390 2365 cere,
412 2287 591 2371 perduotos
616 2287 650 2352 in
674 2287 821 2352 adultam
841 2294 978 2351 aetatem
993 2287 1164 2364 velabant,
1186 2295 1285 2370 atque
1304 2287 1345 2352 ita
1444 2341 1445 2344 ,

307 2393 400 2452 extra
415 2387 497 2452 lines
513 2408 594 2453 snos
609 2389 800 2473 exigebant.

262 2485 475 2652 Vegetitgre
501 2487 589 2556 idem
612 2491 698 2556 Cato
721 2489 960 2576 frequentative
975 2489 1019 2554 ab
1035 2508 1089 2564 co,
1111 2491 1206 2574 qnod
1220 2495 1271 2556 est
1284 2507 1347 2552 ver·

349 2606 399 2670 ro,
440 2589 515 2654 ixit.

756 2707 865 2760 elom

293 2799 306 2834 ⁴
325 2800 375 2856 Qui
390 2801 438 2850 teia
453 2816 482 2850 uc
495 2801 601 2865 petiam
616 2801 733 2853 arialdus
748 2804 793 2852 uri·
830 2805 894 2855 elius
907 2803 1063 2856 traductum.
1080 2805 1155 2854 idem.

261 2876 409 2940 somenae]
431 2877 791 2941 Fereuraribnrlnletretorer.
863 2880 1031 2943 bl'euteteut]
1048 2879 1113 2930 Heu
1124 2885 1187 2930 aaut
1200 2879 1282 2930 Pauli.
1298 2880 1351 2929 reu·

264 2952 790 3020 Nemeecenaliidemquiferenteril,drc.
831 2957 852 3007 tl
874 2957 954 3008 verbe
976 2957 1013 3006 uic
1029 2957 1057 3005 in
1077 2956 1199 3006 Schedia:
1230 2957 1353 3006 Verre-r

264 3027 340 3079 lum.
830 3033 922 3082 dr'xr'm
940 3034 1049 3096 namuco
1065 3031 1195 3082 cerifflte
1210 3037 1248 3082 ed
1267 3045 1319 3080 e-
1334 3039 1356 3080 el

295 3104 451 3169 ‘VeltlutiuJ
481 3107 568 3157 Pleut.
590 3106 617 3156 ln
637 3105 792 3158 blectebro.
829 3108 996 3171 propositione
1012 3106 1105 3169 adiectu
1113 3140 1239 3160 ........
1248 3110 1355 3158 m-

265 3181 419 3244 Necrlopsid
437 3197 477 3230 cor
494 3181 734 3232 ulttutiutlriater
750 3197 793 3232 coe
831 3183 897 3233 tunt.
932 3185 1015 3233 Deest
1029 3185 1131 3240 dicetur,
1143 3184 1185 3234 rel
1201 3185 1280 3234 adhuc
1296 3185 1357 3234 diu·

265 3259 332 3308 daur.
349 3255 412 3307 Ant.
424 3257 493 3321 Aug.
831 3271 892 3322 aru,
904 3260 946 3308 vel
956 3259 1017 3324 quid
1028 3259 1121 3310 eimlle.
1138 3261 1214 3311 Iden.

295 3330 305 3365 ¹
323 3331 475 3384 Venditiarer
489 3331 545 3382 atta
561 3331 710 3396 dicebare]
730 3333 791 3384 Verr-
865 3334 873 3368 ¹
892 3335 937 3385 Ver
946 3336 1050 3399 um]
1074 3335 1141 3386 Vide
1152 3351 1230 3401 supra
1246 3338 1274 3386 in
1285 3339 1293 3366 ⁸
1303 3335 1360 3386 bla-

262 3409 540 3472 uneprooearmieur
551 3408 668 3460 ‘emere'
679 3417 707 3460 et
718 3410 790 3459 ‘red·
831 3411 962 3462 rnertloiz'
985 3419 1012 3462 et
1034 3412 1149 3462 Nonium
1171 3415 1199 3462 ln
1219 3415 1298 3463 ‘Ver
1315 3414 1362 3462 Se·

263 3483 360 3532 imere'
388 3498 436 3547 pro
463 3481 645 3536 ‘conducere'
678 3485 790 3535 Veteres
831 3487 930 3538 crum:'
947 3495 975 3537 et
992 3488 1084 3540 Errreb.
1100 3489 1147 3537 lib.
1160 3501 1205 3539 rrr.
1215 3491 1249 3539 de
1261 3503 1360 3554 prepe-

262 3558 394 3608 dicebaut.
423 3559 515 3608 cicero
534 3573 553 3610 r.
573 3561 599 3610 lu
622 3561 697 3610 l'err.
717 3560 789 3611 ‘Ubi
829 3563 1064 3628 rarioneldrangel.
1078 3564 1133 3614 Ful.
1149 3565 1229 3614 Ureia

261 3635 307 3685 illa
325 3635 494 3696 conruerudo,
510 3635 535 3683 ln
554 3635 627 3686 bouis
647 3636 789 3700 (pradibnr
866 3639 914 3689 Ver
923 3639 1028 3704 mmm]
1041 3639 1112 3690 'uror
1125 3638 1285 3702 bpbvsrrab.
1317 3639 1361 3689 Sic

263 3709 432 3775 prediisque)
443 3710 596 3772 vendundis,
606 3715 717 3762 omniurn
729 3727 789 3762 cou-
829 3714 967 3765 dieebrtnr
987 3714 1107 3779 quiequid
1136 3715 1205 3764 iotre
1226 3714 1362 3765 xum

262 3792 355 3855 sulum,
366 3803 514 3849 eenrcrum,
525 3799 692 3854 questurum,
704 3797 732 3840 nt
744 3805 789 3855 op·
829 3791 940 3840 Martiae
951 3798 979 3840 et
989 3791 1071 3854 pridie
1079 3789 1212 3840 Kalendas
1220 3791 1309 3840 Maiae
1320 3802 1364 3839 ue·

263 3865 788 3930 timacondilicueeitlu,cnjerereit‚cu-
830 3873 892 3921 tum.
913 3867 970 3915 Deo
991 3866 1144 3920 verebatur.
1180 3867 1278 3931 Neque
1300 3881 1364 3915 rere

259 3945 316 4007 lum
330 3943 497 4009 perieulum?
513 3943 563 3994 Ubi
575 3943 600 3992 in
611 3943 676 3993 rana
685 3945 789 3993 eadm·
829 3943 1079 4006 prlnrilrnncmorem
1088 3942 1148 3993 rau
1158 3950 1279 3993 tenuere.
1292 3943 1366 3994 Nam

261 4022 309 4080 dir,
321 4022 369 4071 boc
381 4031 430 4085 ert,
442 4022 467 4071 in
478 4021 550 4071 bonis
562 4021 685 4072 locandis.
702 4022 765 4071 Duc.
830 4019 881 4068 tale
893 4019 954 4083 qnid
967 4019 991 4067 iu
1004 4019 1087 4068 literis
1099 4020 1178 4068 sacris
1190 4032 1204 4067 e
1216 4019 1367 4067 Veteribus

294 4105 307 4140 Ι
327 4095 452 4157 Venerori]
470 4095 550 4146 immo
566 4098 678 4158 potiore
693 4096 789 4160 Venere,
829 4092 976 4144 factitatum
991 4091 1069 4142 fnisse
1087 4095 1203 4156 legimur.
1239 4092 1311 4143 Vide
1325 4107 1368 4142 en·

262 4179 292 4220 nt
304 4173 407 4234 proprie
419 4173 526 4222 temeri
542 4173 576 4222 rit
588 4173 684 4222 Veneri
696 4171 791 4222 sacriti-
831 4183 878 4233 pre
894 4171 920 4218 in
938 4170 946 4198 ‘
960 4167 1110 4216 Mamertini
1119 4165 1136 4215 :'
1148 4167 1203 4214 bir.
1214 4169 1232 4214 l.
1245 4179 1326 4218 mr.
1339 4179 1369 4216 et

263 4260 335 4311 cere,
346 4247 472 4297 venerem
484 4247 600 4300 adorare.
633 4249 669 4299 Et
684 4248 744 4300 inde
758 4247 790 4299 ad
833 4257 937 4296 xxxiv.
948 4249 976 4294 et
987 4241 1096 4308 blunye.
1106 4241 1149 4293 lib.
1161 4253 1180 4292 r.
1198 4241 1263 4292 Due.
