2930 4870
273 393 357 460 loco
606 405 720 456 snxrr
747 405 900 458 rournu
927 408 1029 456 ossus

273 551 405 618 Nuuibl’
420 559 568 638 regnante
583 552 655 616 Ser.
668 550 902 634 Tullioz'quod
919 550 951 614 in
963 550 1153 614 Auentiru‘rm
1163 555 1294 614 montem
1304 569 1355 634 pu·

271 653 366 721 ludilr.
377 653 541 718 disclusum
556 653 798 731 ascenderetur,
812 652 853 718 ab
866 653 995 716 udoectu
1009 653 1051 716 sio
1064 652 1183 718 dictum
1199 651 1362 731 aiuncurt

269 757 353 842 qrrod
366 755 542 820 Aventinus
558 756 592 820 iu
607 753 771 820 Aventino
787 777 839 820 rec
854 755 996 820 Albanus
1011 755 1051 820 sit
1065 755 1214 840 repulus.
1261 754 1362 818 Nouo-

272 857 328 922 lem
344 878 458 940 ugrum
475 857 584 921 AElius
602 853 726 933 Gallus,
741 866 771 919 et
788 855 912 939 Opilius
926 857 999 920 item
1011 855 1161 920 Aurelius
1181 879 1249 920 eum
1273 860 1363 921 siunt

270 979 358 1038 esso,
374 979 462 1044 quem
477 960 542 1020 usius
558 957 685 1020 dierunt:
705 957 749 1020 nd
770 957 853 1041 quod
867 956 1012 1023 Homero
1029 979 1166 1042 quoque
1186 969 1259 1022 teste
1274 969 1361 1020 utun-

273 1071 336 1140 lur,
350 1061 405 1146 qui
419 1059 517 1124 distr:
532 1062 607 1122 νειοῖο
623 1059 734 1137 βαθείης
748 1056 874 1124 riborr⁶
891 1057 1010 1124 ἱκέσθαι.
1056 1060 1120 1124 Sed
1139 1058 1276 1124 Cincius
1290 1081 1361 1124 cum

273 1183 358 1240 esse,
389 1163 446 1226 ubi
470 1159 570 1245 glcbu
592 1160 744 1243 proscissa
775 1159 819 1224 ucl
846 1181 955 1224 nouum
978 1168 1158 1226 sementem
1177 1163 1223 1224 sit
1243 1163 1362 1225 relicto.

275 1261 378 1330 Nunti
400 1262 570 1339 consulatu,
586 1270 621 1326 et
633 1263 673 1327 T.
690 1264 808 1339 Sicini,
824 1262 942 1328 Volsci
955 1263 1074 1346 populi,
1090 1285 1161 1326 cum
1177 1273 1266 1326 arros
1284 1285 1363 1344 prc-

272 1366 350 1430 lium
374 1361 515 1430 inissent
526 1367 686 1430 adversus
712 1363 888 1428 Romanos:
902 1362 1000 1428 ,Trilu
1017 1362 1093 1428 Mil.
1108 1363 1143 1426 iu
1160 1361 1257 1430 Circo
1271 1383 1362 1428 com·

273 1469 362 1532 busti
377 1469 525 1532 feruntur
539 1477 568 1530 et
582 1465 693 1548 sepulti
708 1465 740 1534 iu
764 1464 931 1548 crepidine,
955 1485 1032 1550 quur
1054 1473 1103 1529 est
1124 1465 1278 1549 proxime
1291 1466 1363 1530 Cir·

272 1589 350 1646 cum,
362 1568 416 1652 qui
426 1563 699 1651 locusposteofuit
708 1563 819 1649 lepide
829 1567 907 1630 albo
916 1573 1116 1642 constratus,
1127 1566 1250 1650 quipse
1261 1565 1360 1648 repr'n

272 1691 305 1732 eo
315 1669 425 1753 prelio
440 1667 614 1738 occubuere,
630 1666 750 1751 Opiter
764 1667 942 1748 Verginius
962 1665 1115 1730 Tricostus
1160 1711 1169 1728 .
1258 1714 1268 1730 .
1350 1709 1359 1728 .

276 1765 598 1833 Valerirrslnevinus.
635 1767 821 1832 Postumus
837 1765 1001 1830 Gomirriru
1018 1768 1200 1832 Auruncus.
1224 1765 1358 1832 Mallius

271 1871 459 1938 Tolerinus.
489 1869 530 1933 P.
543 1868 698 1934 Veturius
714 1859 874 1932 Geminus.
899 1868 942 1930 A.
956 1867 1358 1953 SemproniusAtrutinus.

271 1971 445 2056 Verginius
464 1969 625 2034 Tricostus.
669 1967 798 2034 Mutius
815 1970 983 2035 Scaevolu.
1007 1971 1226 2036 Sox.Fusius
1241 1967 1358 2033 Medul-

274 2071 366 2138 linus.
412 2071 503 2136 Noso
519 2078 554 2137 ut
569 2072 639 2136 Ser.
654 2071 823 2155 Sulpicius
847 2070 956 2157 Rufus
975 2073 1033 2149 uit,
1047 2070 1197 2140 domnum
1211 2070 1356 2157 significet
1461 2123 1462 2138 ,

274 2172 364 2257 upud
376 2173 494 2258 peiles
511 2178 621 2238 nutem
637 2180 670 2237 et
682 2169 749 2249 [ut]
761 2179 913 2238 oratores
923 2174 1061 2258 ,ponitur
1073 2193 1137 2256 pro
1153 2173 1281 2256 culpus
1300 2171 1357 2236 cdl
1461 2245 1462 2258 χ

273 2293 364 2341 noxa
377 2284 569 2359 peccatum,
582 2280 639 2339 nul
650 2293 710 2357 pro
720 2280 862 2358 peccato
872 2277 1031 2357 poenum,⁸
1045 2283 1085 2340 ut
1100 2273 1231 2340 Accius
1246 2277 1279 2338 in
1293 2275 1356 2338 Me

272 2377 562 2458 ranippnu'Tete
589 2395 665 2440 esse
690 2377 765 2443 huic
786 2395 889 2440 noxae
914 2377 1110 2442 obnoxium.
1157 2376 1257 2454 Item,
1288 2395 1355 2448 curs
1461 2443 1462 2448 ,

271 2477 430 2559 lexjubet
445 2495 544 2542 nonne
567 2477 695 2554 dedere,
710 2497 770 2560 pro
795 2484 937 2560 peccato
955 2477 1033 2542 dedi
1052 2477 1162 2561 jubet.
1208 2477 1357 2550 Caecilius

272 2578 306 2641 in
322 2578 584 2660 Hypobolimaeo
600 2578 823 2644 cherestatw
853 2577 942 2642 Num
958 2580 1023 2644 iste
1038 2577 1172 2662 quidem
1186 2597 1280 2644 noxa
1292 2595 1356 2645 mu·
1461 2575 1462 2640 l

271 2679 417 2755 liebrem,
432 2685 501 2741 et¹¹
523 2678 630 2757 magis
644 2697 748 2759 ¹quum
764 2679 837 2742 viri.
881 2679 915 2744 N
918 2698 992 2746 ovae
1007 2681 1136 2745 curiaeu
1164 2680 1357 2762 proximu.u
1461 2697 1462 2768 ξ

273 2781 452 2862 compitum
476 2779 667 2844 Fabricium
692 2779 867 2846 aedificatae
888 2789 979 2859 suut,
998 2783 1088 2865 quod
1104 2801 1226 2864 purum
1242 2783 1357 2865 umplre
1461 2811 1462 2846 s

272 2887 364 2946 erunt
379 2887 508 2944 veteres
523 2901 543 2945 a
559 2879 704 2944 Romulo
727 2880 837 2959 fuclon,
853 2884 920 2947 ubo
931 2888 954 2930 ¹³
978 2884 1007 2946 is
1028 2884 1204 2967 populum,
1219 2893 1253 2948 ot
1267 2903 1360 2947 secra

271 2985 306 3048 in
321 2985 427 3066 partis
442 2985 575 3068 triginta
594 2982 821 3060 distribuerat,
846 2991 881 3048 ut
904 2985 938 3050 iu
958 2985 1000 3054 iis
1022 3004 1064 3049 ca
1085 3003 1184 3048 sucre
1203 2991 1361 3059 curarent,

274 3105 351 3166 quoe
364 3104 440 3149 cum
455 3104 500 3148 ex
515 3085 652 3148 veterib.
669 3083 699 3144 in
714 3103 819 3148 novus
840 3093 1067 3164 euocarentur,
1090 3092 1222 3167 septem
1230 3095 1256 3133 ¹⁴
1276 3085 1363 3149 curi·

274 3204 366 3250 urum
381 3205 438 3270 per
451 3185 627 3267 religiones
648 3184 782 3248 evocari
796 3203 861 3248 non
878 3193 1074 3270 potueruut:
1097 3188 1213 3270 itaque
1230 3186 1363 3250 Forieu-
1461 3185 1462 3214 ³

304 3515 319 3557 u
336 3509 354 3556 f.
365 3511 508 3562 elusum-t
527 3515 640 3565 iub-8
657 3517 676 3567 s.
693 3521 818 3582 purum—9
834 3515 852 3564 l.
865 3515 957 3564 Meruli
973 3517 1075 3576 po-tb
1093 3513 1113 3562 i.
1127 3513 1363 3562 cosumus-11
1461 3509 1462 3512 ’

273 3572 292 3620 f.
305 3576 423 3624 rnulielrris
433 3583 541 3627 erte-lt
558 3579 576 3628 f.
587 3583 768 3642 prosimu-lt
785 3579 804 3630 f.
817 3580 930 3629 stu-rr
961 3613 966 3627 .
986 3577 1054 3628 1111.

762 3775 871 3828 NOTAE

303 3893 315 3924 ν
334 3884 452 3947 Naribus]
468 3883 551 3935 Varro
567 3887 661 3938 tib.1v.
677 3889 709 3939 de
721 3891 794 3955 Ling.
835 3896 878 3938 tur
895 3884 1008 3936 utilius)

271 3962 326 4009 Lar.
339 3969 346 3988 ¹
357 3961 513 4012 Aventinum
526 3965 607 4015 sliiub
617 3981 676 4030 rege
688 3968 793 4016 Aventi-
866 3971 879 4005 u
899 3963 971 4010 Nora
986 3959 1069 4020 ruric]
1086 3961 1213 4022 Ulpianus
1233 3960 1291 4024 θὶς.
1324 3963 1377 4014 lib.

270 4050 302 4084 uo
313 4035 421 4100 Albano,
430 4039 497 4102 qrsod
505 4038 539 4088 ibi
550 4041 665 4105 sepultus
677 4043 719 4091 sit.
740 4043 794 4104 Ego
836 4051 854 4090 1.
867 4039 907 4106 tit.
915 4041 940 4087 8.
967 4037 1112 4084 Saornrium
1124 4037 1203 4085 etium
1216 4038 1241 4084 iu
1253 4037 1379 4088 edificio

270 4113 378 4159 inanime
396 4121 458 4176 pisto
473 4114 505 4163 eb
521 4114 645 4178 adrec1u3
663 4133 719 4166 nam
735 4119 793 4167 olim
835 4117 936 4179 privato
959 4125 1015 4161 esse
1036 4117 1139 4173 potest:
1165 4119 1193 4161 et
1217 4112 1306 4162 solent
1330 4119 1379 4180 qui

270 4184 385 4242 paludib.
407 4202 476 4235 mons
495 4199 550 4237 erut
568 4191 601 4239 nb
621 4193 726 4256 reliquis
743 4193 793 4240 dis·
835 4191 945 4240 liberare
957 4203 1014 4237 eum
1031 4187 1117 4235 locum
1130 4187 1254 4251 religiono
1267 4191 1383 4253 solunt,

270 4255 371 4302 clusus:
393 4258 457 4320 itaq.
468 4273 500 4307 eo
510 4275 543 4309 ex
555 4265 618 4314 urbe
630 4267 792 4316 adveheban-
834 4281 909 4315 sucre
919 4261 978 4313 inde
989 4275 1105 4311 evocsre.
