2930 4870
277 319 363 386 1070
610 332 724 382 snxrl
749 331 903 382 eournu
929 332 1035 380 susm

279 477 449 565 irp'erorum
463 475 542 540 bunc
556 474 855 562 dimnsestum,quos
871 485 979 540 vocunt
991 475 1100 552 Intres,
1111 483 1277 558 putarent,
1288 472 1359 558 quib.

276 601 311 642 eo
327 577 376 642 die
390 587 436 642 tot
445 577 531 661 pilu,
547 586 630 662 quot
645 578 746 662 capita
765 599 940 646 seruorum,-
968 588 1013 640 tot
1035 577 1158 662 effigies,
1180 586 1258 660 quot
1277 585 1362 639 essent

245 675 250 686 ’
277 679 381 758 liberi,
391 677 609 762 ponebantur:
631 689 666 741 ut
681 679 818 756 vicis,sie
832 680 911 742 enim
925 679 1130 757 invocantur,
1138 689 1306 762 parcerent
1319 701 1329 746 ;
1340 689 1362 740 et

278 792 373 848 essem
388 781 435 844 bis
454 779 530 863 pilis
549 790 578 842 et
599 780 770 845 simulacris
784 783 934 848 contenti.
979 778 1107 844 Punice
1118 779 1263 866 fortunas
1279 779 1361 842 alen

279 884 393 950 vonisse
416 881 529 946 elicitur
545 879 708 947 Cornelius
733 881 844 966 Scipio
865 903 935 948 cum
954 881 1174 968 Carthaginem
1196 880 1360 948 obsideret:
1448 891 1449 900 ’

280 1009 318 1054 ne
332 986 461 1051 aduersa
483 1007 519 1052 ea
536 986 684 1059 Fortuna
699 995 849 1054 uteretur.
895 983 982 1048 Idem
997 1007 1087 1071 quoq.
1102 985 1184 1050 vovit
1197 983 1296 1048 edem
1314 981 1363 1046 Ve-

280 1093 377 1170 netis,
391 1111 458 1176 qun
469 1095 697 1174 cognomentum
709 1086 847 1150 babuisse
857 1086 971 1150 elicitur
984 1083 1166 1162 Genitricis,
1176 1107 1273 1169 quam
1287 1083 1361 1147 dedi·

278 1193 372 1271 canit,
387 1191 442 1256 ubi
451 1189 588 1274 primum
603 1186 751 1253 aemulam
767 1184 915 1252 Romane
929 1188 1063 1254 civitatis
1081 1185 1360 1272 Carthaginiensem
1448 1253 1449 1256 ,

280 1297 394 1362 urbem
419 1289 627 1377 expugnauit:
652 1289 792 1375 quamuis
817 1289 875 1352 alii
898 1289 1014 1370 dicant,
1040 1289 1159 1374 aliquot
1176 1299 1248 1372 post
1272 1291 1361 1355 aunis

278 1394 462 1460 dedicavisse
550 1437 557 1450 .
659 1436 669 1452 .
765 1437 773 1454 .
860 1414 1014 1458 ..cos
1031 1413 1105 1456 cum
1117 1390 1242 1454 Punica
1255 1388 1361 1453 Fortu·

279 1519 325 1562 ne
339 1495 441 1573 edem,
456 1515 548 1581 quam
570 1515 606 1558 es
629 1497 701 1558 noto
726 1492 868 1558 debebat
883 1493 1021 1576 primurn
1042 1490 1191 1569 dedebam,
1206 1489 1361 1552 locandam

278 1619 340 1664 uon
361 1608 503 1664 curasset.
548 1595 662 1671 Pueri,
687 1593 848 1678 inpuberes
875 1593 1034 1672 dicuntur,
1058 1594 1090 1655 in
1113 1615 1172 1678 quo
1192 1589 1359 1676 significata

278 1701 382 1765 utitur
397 1697 527 1764 Attain
611 1741 620 1760 .
711 1741 719 1758 .
807 1741 815 1758 .
895 1695 1016 1779 plurib.
1029 1696 1148 1760 versib.
1159 1695 1262 1758 docet
1352 1735 1360 1755 .

399 1846 407 1862 .
517 1795 617 1861 Pueri
640 1795 797 1880 inpuberis
819 1817 931 1860 enesim
949 1796 1138 1879 signumad
1155 1792 1359 1860 salinaselim

279 1923 299 1968 a
390 1945 399 1963 .
487 1947 495 1967 .
575 1898 710 1983 positum
715 1895 799 1983 fuit,
814 1895 897 1982 quod
910 1899 1035 1980 siguum
1051 1898 1218 1962 allatume
1284 1938 1295 1956 .
1353 1937 1361 1954 .

282 2049 290 2066 .
379 2049 388 2066 .
462 1997 695 2087 suisseferunt,
711 1999 801 2081 quod
816 2004 892 2063 sunt
906 1999 1018 2062 conati
1030 1997 1156 2083 quidum
1167 1995 1305 2083 anferre,
1316 1994 1362 2059 sel

278 2103 413 2171 avellere
431 2122 529 2170 nomo
555 2120 714 2186 umquam
734 2099 848 2184 potuit.
892 2096 963 2162 Alii
983 2097 1088 2162 dicum
1109 2097 1251 2162 avulsam
1273 2098 1362 2162 bmira

279 2213 400 2288 praeter
414 2207 525 2288 ipsum
548 2202 676 2285 signum
698 2199 915 2286 aquibusdarn
928 2199 1043 2287 fuisse,
1065 2201 1149 2286 quiq.
1171 2199 1362 2276 abstulerint,

279 2307 364 2371 suh³
391 2308 484 2390 signo
510 2306 673 2377 abierunt,
698 2301 764 2364 basi
787 2300 852 2366 sola
872 2301 976 2386 potiti.
1021 2299 1090 2364 Alii
1106 2312 1208 2364 tumea
1223 2300 1364 2374 aradum,

277 2407 379 2470 simul
393 2414 430 2470 ut
441 2405 563 2490 signum
577 2406 677 2488 ipsum
691 2401 884 2480 abstulerint,
899 2403 931 2466 in
946 2425 1022 2488 agro
1041 2401 1163 2468 Tiburti
1176 2422 1311 2467 erexere
1322 2403 1365 2466 od

276 2507 423 2588 quintum
439 2504 479 2568 ab
494 2503 569 2568 urbe
583 2504 764 2568 miliarium.
795 2503 900 2569 Plena
914 2525 974 2570 sue
989 2505 1117 2569 Telluri
1132 2503 1240 2567 Matri
1251 2504 1367 2586 sacrifi·

277 2603 418 2684 sabatur,
440 2603 523 2688 quael
539 2603 665 2687 pecudis
682 2604 718 2668 id
737 2622 842 2686 genus
860 2625 934 2669 cum
950 2612 1099 2671 sereturs
1110 2605 1187 2668 satis
1199 2605 1369 2682 inimicum,

276 2705 352 2792 quia
366 2715 463 2768 rostro
474 2723 575 2769 seneen
586 2704 745 2770 fodiendo
758 2716 983 2788 corrumperet.
1029 2703 1119 2770 Ploti
1132 2704 1287 2789 appellati
1298 2716 1369 2771 sunt

278 2807 407 2884 Umbri,
436 2807 552 2891 pedib.
578 2806 689 2890 planis
714 2805 807 2889 quod
826 2816 941 2869 essent:
963 2805 1043 2870 unde
1066 2806 1160 2870 soleas
1188 2804 1371 2869 dimidiatus

277 2909 363 2994 quib.
377 2915 512 2976 utuntur
526 2909 561 2972 in
576 2907 741 2984 venando,
753 2928 812 2992 quo
822 2905 950 2990 planius
959 2907 1066 2992 pedem
1077 2918 1238 2991 ponerent,
1252 2919 1372 2972 mount

277 3011 481 3093 semiplotia,
497 3015 532 3074 ot
544 3007 584 3070 ab
597 3007 802 3072 eademeausa
818 3005 870 3074 M.
885 3009 1001 3074 Accius
1016 3009 1129 3092 polita,
1144 3011 1228 3094 quia
1243 3009 1376 3076 Umber

276 3113 344 3191 [48]
367 3112 522 3176 Sarsinas
538 3117 620 3186 erat,
643 3129 664 3175 n
688 3109 814 3194 pedum
830 3111 975 3194 planicie
989 3112 1083 3176 initio
1097 3110 1233 3189 Plotae,
1248 3119 1375 3196 postea
1448 3131 1449 3138 ³

277 3212 419 3279 Plautus
433 3219 567 3294 emptus
581 3216 634 3274 est
649 3210 726 3275 dici.
754 3209 941 3276 Postumus
955 3213 1205 3294 cognominatur
1218 3220 1378 3296 postpa-

276 3316 335 3378 tris
347 3319 484 3386 mortem
493 3319 602 3377 natus.
626 3311 766 3376 Plautus
777 3312 811 3377 in
820 3311 1015 3379 Aulularia:
1034 3313 1120 3378 Post
1134 3314 1286 3378 mediam
1298 3323 1377 3378 aeta-
1448 3359 1449 3396 ,

275 3421 339 3490 tem
360 3416 419 3498 qui
432 3413 574 3480 mediam
589 3413 682 3478 ducit
695 3432 833 3478 uxorem
856 3414 991 3479 domam
1012 3417 1043 3480 si
1060 3435 1134 3480 oum
1146 3435 1255 3480 sonex
1273 3437 1380 3484 anans
1448 3437 1449 3468 ³

274 3521 497 3597 praegnantem
518 3515 658 3579 fortuito
680 3515 810 3596 locofit3
833 3514 914 3599 quid
937 3516 1084 3594 dubitas,
1099 3519 1181 3600 quia
1201 3519 1254 3580 sit
1277 3537 1380 3601 para-

274 3622 343 3678 tum
356 3616 406 3678 his
420 3633 540 3679 nomon
556 3618 669 3699 pueris
691 3616 867 3681 Postumis
912 3615 1058 3695 Porcus}
1074 3637 1152 3701 quae
1167 3620 1260 3683 inter
1277 3621 1382 3685 duci⁵

306 3917 321 3960 8
338 3911 358 3962 f.
369 3914 475 3962 sinn—t
493 3911 511 3962 f.
523 3919 713 3964 consererem-s
730 3913 748 3962 f.
758 3917 824 3964 anas.

763 4076 868 4127 NOTAE

307 4163 312 4194 ¹
339 4167 438 4228 Pareae]
464 4169 547 4219 Verso
567 4173 609 4222 uo.
630 4185 648 4220 1.
666 4171 699 4220 de
718 4172 757 4220 Re
781 4171 888 4223 Rustica
905 4186 964 4236 cap.
981 4176 1022 4222 2⁹.
1041 4171 1132 4224 ‘Quod
1150 4179 1191 4222 est
1216 4175 1304 4230 inter
1325 4185 1390 4238 dnus
