2912 4858
577 363 745 412 sunnon.
1120 351 1205 416 1203

123 539 132 568 ι
173 547 180 570 .
226 551 238 568 .
280 551 288 568 .
333 553 342 570 .
387 549 395 570 .
438 505 607 575 concitato
634 511 744 596 animo
765 509 809 574 ad
831 509 951 573 bonam
974 509 1204 592 frugemten¹⁰

121 649 392 674 ......
437 608 615 691 Voisgram
636 627 743 687 erem,
765 629 840 693 qnae
856 629 893 674 se
908 611 1009 675 vellit.
1052 610 1205 694 Augures

119 707 201 772 banc
221 709 361 774 eandem
383 709 619 775 fucillantam¹¹
644 711 819 794 appellant
842 755 1121 778 ......
1146 713 1204 778 Vi·

120 809 364 894 giutiquinqne’
386 830 506 895 poenas
535 810 570 874 in
587 826 657 874 xrr·
681 811 850 894 significat
864 813 1127 897 vigintiquinque
1148 835 1202 878 as·

119 929 182 976 ses.
227 911 410 976 Victimam
430 911 540 978 AElins
562 913 649 977 Stilo
670 913 719 977 ait
743 933 818 978 esse
831 913 984 990 vitulum,
1000 916 1044 978 ob
1066 915 1140 997 ejus
1154 917 1203 980 vi-

119 1031 249 1094 gorem:
272 1013 330 1078 alii
355 1019 477 1091 autem,
508 1033 585 1098 quae
607 1015 720 1080 vincta
746 1015 887 1080 ducatur
917 1015 960 1080 ad
992 1017 1117 1080 altare:
1146 1021 1206 1082 aut

119 1133 193 1198 quae
220 1114 264 1178 ad
277 1121 302 1152 ¹²
324 1113 433 1179 hostis
448 1110 580 1180 victos‘
599 1115 796 1182 immoletur.
840 1115 1006 1198 Vectigal,
1022 1138 1071 1183 aes
1091 1120 1207 1202 appel·

117 1215 216 1292 latur,
230 1214 320 1300 quod
335 1217 379 1280 ob
394 1217 562 1294 tributum,
575 1221 608 1280 et
621 1217 833 1302 stipendium,
847 1227 882 1282 et
894 1227 1058 1302 equestre,
1073 1227 1108 1284 et
1118 1220 1205 1285 ordi·

117 1317 244 1381 nanum
267 1319 394 1402 populo
410 1317 561 1384 debetur.
606 1317 708 1383 Viae⁸
728 1327 808 1382 sant
832 1328 867 1383 et
893 1321 1048 1402 publicae,
1065 1341 1124 1404 per
1140 1343 1162 1387 Λ
1181 1329 1204 1370 ¹³

121 1465 132 1480 .
178 1465 187 1482 .
232 1417 739 1502 .eomnibnslicetrprivatee,
755 1421 846 1503 quib.
861 1421 1066 1487 vetitumuti
1090 1414 1107 1485 .’
1142 1462 1151 1486 .
1198 1465 1207 1486 .

119 1525 625 1605 praetereornm,qunrumsunt
646 1522 785 1604 privata:
831 1560 839 1582 .
885 1564 893 1586 .
940 1567 947 1583 .
993 1565 1002 1584 .
1046 1523 1120 1586 rias
1135 1533 1207 1585 mu-

118 1621 257 1686 niunto:
280 1621 447 1692 dionisam
466 1621 597 1704 lapides
623 1629 711 1699 sunt,
731 1640 797 1704 qua
821 1621 919 1698 volet,
939 1621 1091 1703 jumento
1106 1623 1207 1704 agito.

117 1721 275 1788 Viatores
299 1722 519 1805 appellantur,
544 1721 603 1804 qni
619 1721 836 1801 magistratib.
861 1725 1045 1804 apparent:
1068 1741 1108 1786 eo
1130 1721 1208 1804 quia

115 1823 213 1888 initio
227 1824 374 1888 omnium
389 1824 546 1900 tribuum,
560 1842 635 1888 cum
653 1825 723 1906 agri
746 1824 779 1886 in
795 1823 983 1905 propinquo
997 1828 1091 1888 erant
1105 1823 1207 1899 urbis,

115 1929 221 2007 atque
233 1921 370 1989 assidue
384 1924 535 1989 homines
546 1926 805 2000 rusticabantur,
819 1924 966 1988 crebrior
980 1942 1081 2006 opera
1096 1941 1210 1988 eornm

115 2033 191 2090 erat
212 2027 248 2090 in
263 2027 331 2103 via,
346 2046 447 2110 quam
460 2027 552 2105 urbo,
576 2025 667 2110 quod
696 2045 740 2090 ex
761 2027 850 2107 agris
876 2024 1037 2108 plerumq.
1060 2024 1211 2088 homines

114 2125 321 2191 vocabantur
345 2147 367 2190 a
390 2127 608 2210 magistratib.
650 2126 856 2203 verticulas,
878 2143 953 2189 cunr
977 2125 1026 2188 ait
1048 2123 1211 2200 Lucilius,

79 2285 86 2292 .
116 2229 174 2294 ita
195 2229 380 2311 appellarit
407 2230 585 2293 vertebras.
627 2226 764 2303 Verum,
784 2228 842 2310 qui
864 2227 898 2290 in
916 2225 1005 2291 villis
1026 2243 1103 2290 rere
1128 2225 1210 2299 nati,

115 2329 214 2414 qnod
226 2336 354 2413 tempus
370 2328 455 2393 duce
467 2333 582 2392 natura
596 2328 714 2393 feturae
727 2332 798 2392 est:
820 2332 953 2392 ettunc
974 2345 1042 2390 rem
1065 2327 1211 2416 divinam

114 2430 302 2494 instituerit
317 2429 418 2493 Marti
433 2427 546 2493 Numa
561 2427 748 2511 Pompilius
770 2429 878 2511 pacis,
894 2429 1127 2493 concordiaeve
1151 2427 1209 2490 ob-

114 2530 265 2598 tinendae
287 2529 403 2612 gratia,
426 2529 512 2593 inter
535 2527 692 2606 Sabinos,
719 2527 929 2611 Romanosq.
952 2535 1108 2592 utvemae
1124 2527 1214 2591 vive-

577 2705 742 2732 ”nuncu

157 2829 188 2874 ro
204 2823 222 2874 t.
233 2825 403 2874 ramae-rr
422 2814 672 2885 affectuum-rs
688 2822 707 2873 r.
723 2824 825 2874 ‹ru-rs
842 2821 954 2887 taqua
965 2821 1011 2872 tre.

616 3021 722 3074 Norat

153 3145 167 3170 ²
185 3133 394 3200 Vigirtiqrrr'sqsrs]
412 3133 528 3198 Aquilius
538 3135 586 3186 lib.
600 3147 651 3187 xx.
691 3137 731 3187 cio
742 3135 837 3202 sllqnid
849 3149 906 3188 esse
917 3134 1061 3198 religatum,
1073 3137 1133 3184 ente
1145 3134 1213 3184 enirn

112 3225 184 3275 esp.
204 3216 226 3259 l.
247 3210 296 3260 ‘Si
316 3210 410 3273 injurie
429 3209 503 3259 elteri
521 3207 597 3271 isxit,
615 3211 652 3260 si·
692 3201 855 3276 ligabantur!
899 3210 951 3262 Sed
978 3211 1040 3259 nibil
1067 3209 1215 3258 mutandum

114 3285 302 3350 gintiquinque
314 3284 371 3333 :eris
383 3299 465 3348 poenae
477 3283 572 3335 sunto!
600 3285 652 3335 Sed
692 3300 793 3336 censeo.

112 3360 182 3411 aers's
201 3367 264 3424 puto
281 3358 420 3422 adjectum.
454 3359 521 3410 Vide
538 3358 652 3410 Plinium
724 3370 737 3406 t
758 3361 823 3427 i'iae]
847 3358 1019 3411 Desitlerstur
1040 3357 1096 3408 bec
1117 3371 1166 3408 ror:
1189 3357 1216 3406 in

114 3436 173 3486 lib.
184 3447 243 3484 xvr.
253 3448 312 3497 cap.
324 3439 346 3482 l.
693 3437 750 3486 stirs
764 3436 934 3486 editionibus:
950 3435 976 3484 in
996 3449 1028 3484 ea
1045 3447 1104 3483 vero
1123 3434 1217 3483 Fertne

158 3507 215 3559 ‘1¹¹
236 3509 336 3559 tehedl³
357 3515 407 3566 eil·
428 3508 456 3558 rb
475 3509 552 3560 bustu
569 3508 652 3572 eietm,
693 3513 795 3577 egebat,
811 3521 841 3563 nt
858 3527 891 3562 ex
909 3510 1023 3576 rellqnlis
1037 3511 1218 3574 ejrresppsret,

115 3599 175 3652 pro
186 3585 218 3633 nd
228 3585 305 3633 hostes
314 3585 395 3641 ciclos,
406 3599 486 3648 perse
496 3584 651 3634 mutatione:
693 3587 725 3637 de
737 3588 787 3637 siis
798 3587 919 3652 publicis,
930 3593 957 3635 et
968 3585 1074 3649 privetis
1084 3601 1090 3634 :
1108 3592 1136 3634 et
1152 3583 1217 3634 enti·

113 3675 187 3712 nem
209 3659 395 3722 drrgnstinisns
416 3659 560 3709 emendatio
579 3658 653 3708 nimis
693 3676 768 3726 quern
791 3662 875 3724 legem
895 3659 1026 3710 referebst
1046 3659 1078 3708 de
1098 3658 1143 3708 riis
1164 3671 1219 3707 nru-

114 3737 203 3787 'sbeet
214 3735 318 3799 :ntique
334 3733 472 3797 scripture.
506 3735 559 3784 Pro
574 3733 655 3783 merto
693 3737 801 3800 utendis,
813 3737 952 3800 iisdemque
965 3730 1052 3798 lepide
1063 3733 1219 3796 sternendis,

114 3817 151 3864 in
171 3812 273 3862 sclredis
290 3817 328 3860 eet
344 3811 420 3860 rictu:
433 3818 461 3860 ot
475 3807 655 3860 fortasseeittc
694 3821 723 3863 nt
737 3827 793 3879 ques
808 3819 898 3862 etrstae
914 3809 1040 3874 lapidibus
1057 3815 1152 3870 essent,
1172 3824 1219 3872 per

112 3887 289 3939 scribendam
309 3887 360 3937 sit:
382 3901 440 3937 nem
460 3886 538 3936 bores
559 3887 654 3937 euntis
695 3903 738 3939 ese
760 3889 878 3952 jumenta
899 3900 976 3950 egere
997 3885 1096 3937 liceret.
1140 3887 1220 3937 Extat

110 3963 248 4016 cornibus
272 3964 344 4014 vittis
365 3965 448 4013 ornati
470 3969 497 4012 et
524 3963 602 4012 tertie
622 3961 655 4012 sd
696 3965 828 4030 inscriptio
850 3965 875 4014 in
901 3963 1009 4029 quodam
1036 3963 1142 4013 densrio
1166 3961 1219 4014 Αιι-

112 4053 199 4093 arem
220 4039 389 4100 ducebantur,
408 4045 536 4102 prestares
550 4037 655 4087 Servius
696 4043 775 4107 garri,
794 4039 904 4098 QVOD.
928 4037 1020 4090 ΗΔΕ,
1044 4037 1219 4092 MVNITAE.

112 4121 149 4168 in
168 4129 200 4164 ιι.
214 4114 270 4164 AEo.
288 4116 325 4164 lte
341 4113 449 4164 scribit:
465 4115 583 4165 ‘Solutre
598 4123 656 4167 strnt
695 4115 797 4170 stur.

109 4191 300 4254 bostiae,osm
319 4190 445 4255 piscatum
463 4197 503 4242 est
520 4192 546 4242 in
559 4191 655 4242 sscriti·
