<?xml version="1.0" encoding="UTF-8"?>
<!DOCTYPE html PUBLIC "-//W3C//DTD XHTML 1.0 Transitional//EN"
    "http://www.w3.org/TR/xhtml1/DTD/xhtml1-transitional.dtd">
<html xmlns="http://www.w3.org/1999/xhtml" xml:lang="en" lang="en">
 <head>
  <title>
</title>
<meta http-equiv="Content-Type" content="text/html;charset=utf-8" />
  <meta name='ocr-system' content='tesseract 3.04.00' />
  <meta name='ocr-capabilities' content='ocr_page ocr_carea ocr_par ocr_line ocrx_word'/>
</head>
<body>
  <div class='ocr_page' id='page_1' title='image "./mverriiflacciqu02flacgoog/mverriiflacciqu02flacgoog_0687.png"; bbox 0 0 2934 4864; ppageno 0'>
   <div class='ocr_carea' id='block_1_1' title="bbox 426 1013 1169 1115">
    <p class='ocr_par' dir='ltr' id='par_1_1' title="bbox 426 1013 1169 1115">
     <span class='ocr_line' id='line_1_1' title="bbox 426 1013 1169 1115; baseline -0.001 -24"><span class='ocrx_word' id='word_1_1' title='bbox 426 1013 545 1115; x_wconf 64' lang='grc' dir='ltr'>[ιη]</span> <span class='ocrx_word' id='word_1_2' title='bbox 603 1013 1169 1094; x_wconf 76' lang='lat' dir='ltr'>sex.rours1susrr</span> 
     </span>
    </p>
   </div>
   <div class='ocr_carea' id='block_1_2' title="bbox 539 1335 1045 1440">
    <p class='ocr_par' dir='ltr' id='par_1_2' title="bbox 539 1335 1045 1440">
     <span class='ocr_line' id='line_1_2' title="bbox 539 1335 1045 1440; baseline -0.012 -34"><span class='ocrx_word' id='word_1_3' title='bbox 539 1337 686 1406; x_wconf 75' lang='lat' dir='ltr'>uiuus</span> <span class='ocrx_word' id='word_1_4' title='bbox 706 1337 817 1404; x_wconf 85' lang='lat' dir='ltr'>xm.</span> <span class='ocrx_word' id='word_1_5' title='bbox 840 1335 1045 1440; x_wconf 72' lang='lat' dir='ltr'>rucrrlu.</span> 
     </span>
    </p>
   </div>
   <div class='ocr_carea' id='block_1_3' title="bbox 240 1608 1355 3014">
    <p class='ocr_par' dir='ltr' id='par_1_3' title="bbox 240 1608 1355 3014">
     <span class='ocr_line' id='line_1_3' title="bbox 247 1608 1340 1692; baseline -0.001 -19"><span class='ocrx_word' id='word_1_6' title='bbox 247 1608 363 1674; x_wconf 85' lang='lat' dir='ltr'>Mutus</span> <span class='ocrx_word' id='word_1_7' title='bbox 378 1619 414 1676; x_wconf 71' lang='grc' dir='ltr'>Α·</span> <span class='ocrx_word' id='word_1_8' title='bbox 516 1652 526 1669; x_wconf 85' lang='grc'><strong>.</strong></span> <span class='ocrx_word' id='word_1_9' title='bbox 626 1654 637 1672; x_wconf 92' lang='grc'><strong>.</strong></span> <span class='ocrx_word' id='word_1_10' title='bbox 739 1653 749 1672; x_wconf 93' lang='grc'><strong>.</strong></span> <span class='ocrx_word' id='word_1_11' title='bbox 847 1652 855 1669; x_wconf 88' lang='grc'><strong>.</strong></span> <span class='ocrx_word' id='word_1_12' title='bbox 955 1627 1001 1672; x_wconf 63' lang='lat' dir='ltr'>usv</span> <span class='ocrx_word' id='word_1_13' title='bbox 1017 1608 1147 1673; x_wconf 84' lang='lat' dir='ltr'>sterilis</span> <span class='ocrx_word' id='word_1_14' title='bbox 1170 1609 1340 1692; x_wconf 64' lang='lat' dir='ltr'>situum</span> 
     </span>
     <span class='ocr_line' id='line_1_4' title="bbox 244 1707 1340 1794; baseline 0.004 -20"><span class='ocrx_word' id='word_1_15' title='bbox 244 1711 372 1776; x_wconf 85' lang='lat' dir='ltr'>mulus:</span> <span class='ocrx_word' id='word_1_16' title='bbox 395 1710 449 1776; x_wconf 86' lang='lat' dir='ltr'>vel</span> <span class='ocrx_word' id='word_1_17' title='bbox 465 1710 555 1794; x_wconf 89' lang='lat' dir='ltr'>quud</span> <span class='ocrx_word' id='word_1_18' title='bbox 571 1715 610 1775; x_wconf 87' lang='lat' dir='ltr'>ut</span> <span class='ocrx_word' id='word_1_19' title='bbox 624 1707 733 1774; x_wconf 86' lang='lat' dir='ltr'>mutus</span> <span class='ocrx_word' id='word_1_20' title='bbox 744 1724 811 1774; x_wconf 86' lang='lat' dir='ltr'>uon</span> <span class='ocrx_word' id='word_1_21' title='bbox 825 1727 887 1774; x_wconf 90' lang='lat' dir='ltr'>suu</span> <span class='ocrx_word' id='word_1_22' title='bbox 901 1727 1024 1792; x_wconf 81' lang='lat' dir='ltr'>genere</span> <span class='ocrx_word' id='word_1_23' title='bbox 1036 1709 1099 1774; x_wconf 84' lang='lat' dir='ltr'>sed</span> <span class='ocrx_word' id='word_1_24' title='bbox 1114 1711 1219 1793; x_wconf 78' lang='lat' dir='ltr'>equis</span> <span class='ocrx_word' id='word_1_25' title='bbox 1233 1717 1340 1786; x_wconf 67' lang='grc' dir='ltr'>οπως</span> 
     </span>
     <span class='ocr_line' id='line_1_5' title="bbox 245 1809 1338 1892; baseline 0 -16"><span class='ocrx_word' id='word_1_26' title='bbox 245 1813 295 1876; x_wconf 87' lang='lat' dir='ltr'>siu</span> <span class='ocrx_word' id='word_1_27' title='bbox 310 1831 353 1878; x_wconf 82' lang='lat' dir='ltr'>es</span> <span class='ocrx_word' id='word_1_28' title='bbox 367 1811 470 1890; x_wconf 82' lang='lat' dir='ltr'>Sulis,</span> <span class='ocrx_word' id='word_1_29' title='bbox 486 1831 550 1877; x_wconf 83' lang='lat' dir='ltr'>nou</span> <span class='ocrx_word' id='word_1_30' title='bbox 565 1829 628 1876; x_wconf 85' lang='lat' dir='ltr'>suo</span> <span class='ocrx_word' id='word_1_31' title='bbox 649 1809 777 1892; x_wconf 72' lang='lat' dir='ltr'>fulgure</span> <span class='ocrx_word' id='word_1_32' title='bbox 795 1810 918 1874; x_wconf 85' lang='lat' dir='ltr'>luueut.</span> <span class='ocrx_word' id='word_1_33' title='bbox 962 1809 1101 1876; x_wconf 79' lang='lat' dir='ltr'>Murtire</span> <span class='ocrx_word' id='word_1_34' title='bbox 1123 1811 1213 1878; x_wconf 76' lang='lat' dir='ltr'>Dese</span> <span class='ocrx_word' id='word_1_35' title='bbox 1232 1809 1338 1876; x_wconf 73' lang='lat' dir='ltr'>steei-</span> 
     </span>
     <span class='ocr_line' id='line_1_6' title="bbox 243 1911 1339 1978; baseline 0.001 -1"><span class='ocrx_word' id='word_1_36' title='bbox 243 1913 311 1978; x_wconf 82' lang='lat' dir='ltr'>ium</span> <span class='ocrx_word' id='word_1_37' title='bbox 402 1961 409 1978; x_wconf 91' lang='lat'><strong>.</strong></span> <span class='ocrx_word' id='word_1_38' title='bbox 496 1960 506 1978; x_wconf 91' lang='lat'><strong>.</strong></span> <span class='ocrx_word' id='word_1_39' title='bbox 591 1957 602 1975; x_wconf 88' lang='lat'><strong>.</strong></span> <span class='ocrx_word' id='word_1_40' title='bbox 691 1960 700 1974; x_wconf 93' lang='lat'><em>.</em></span> <span class='ocrx_word' id='word_1_41' title='bbox 786 1911 932 1976; x_wconf 79' lang='lat' dir='ltr'>Martius</span> <span class='ocrx_word' id='word_1_42' title='bbox 955 1912 1081 1976; x_wconf 84' lang='lat' dir='ltr'>mensis</span> <span class='ocrx_word' id='word_1_43' title='bbox 1106 1912 1238 1978; x_wconf 85' lang='lat' dir='ltr'>initium</span> <span class='ocrx_word' id='word_1_44' title='bbox 1262 1911 1339 1978; x_wconf 78' lang='lat' dir='ltr'>anui</span> 
     </span>
     <span class='ocr_line' id='line_1_7' title="bbox 244 2012 1343 2100; baseline 0.001 -21"><span class='ocrx_word' id='word_1_45' title='bbox 244 2017 306 2081; x_wconf 85' lang='lat' dir='ltr'>suit</span> <span class='ocrx_word' id='word_1_46' title='bbox 319 2025 353 2083; x_wconf 85' lang='lat' dir='ltr'>et</span> <span class='ocrx_word' id='word_1_47' title='bbox 365 2020 399 2082; x_wconf 87' lang='lat' dir='ltr'>in</span> <span class='ocrx_word' id='word_1_48' title='bbox 416 2017 526 2095; x_wconf 72' lang='lat' dir='ltr'>istiu,</span> <span class='ocrx_word' id='word_1_49' title='bbox 544 2021 676 2100; x_wconf 85' lang='lat' dir='ltr'>etpost</span> <span class='ocrx_word' id='word_1_50' title='bbox 694 2013 840 2080; x_wconf 73' lang='lat' dir='ltr'>Rumam</span> <span class='ocrx_word' id='word_1_51' title='bbox 858 2012 1039 2092; x_wconf 79' lang='lat' dir='ltr'>conditum,</span> <span class='ocrx_word' id='word_1_52' title='bbox 1060 2013 1155 2096; x_wconf 87' lang='lat' dir='ltr'>quod</span> <span class='ocrx_word' id='word_1_53' title='bbox 1173 2021 1241 2080; x_wconf 68' lang='lat' dir='ltr'>ee*</span> <span class='ocrx_word' id='word_1_54' title='bbox 1263 2031 1343 2096; x_wconf 79' lang='lat' dir='ltr'>gers</span> 
     </span>
     <span class='ocr_line' id='line_1_8' title="bbox 244 2103 1342 2203; baseline -0.002 -23"><span class='ocrx_word' id='word_1_55' title='bbox 244 2127 317 2182; x_wconf 87' lang='lat' dir='ltr'>erut</span> <span class='ocrx_word' id='word_1_56' title='bbox 330 2119 595 2196; x_wconf 77' lang='lat' dir='ltr'>bellicosissima,</span> <span class='ocrx_word' id='word_1_57' title='bbox 610 2119 707 2203; x_wconf 83' lang='lat' dir='ltr'>cujus</span> <span class='ocrx_word' id='word_1_58' title='bbox 719 2117 766 2181; x_wconf 88' lang='lat' dir='ltr'>rei</span> <span class='ocrx_word' id='word_1_59' title='bbox 788 2103 1011 2182; x_wconf 80' lang='lat' dir='ltr'>testimouium</span> <span class='ocrx_word' id='word_1_60' title='bbox 1034 2120 1098 2194; x_wconf 84' lang='lat' dir='ltr'>est,</span> <span class='ocrx_word' id='word_1_61' title='bbox 1111 2115 1206 2199; x_wconf 83' lang='lat' dir='ltr'>quud</span> <span class='ocrx_word' id='word_1_62' title='bbox 1228 2122 1342 2198; x_wconf 84' lang='lat' dir='ltr'>puste-</span> 
     </span>
     <span class='ocr_line' id='line_1_9' title="bbox 242 2217 1342 2304; baseline 0.002 -24"><span class='ocrx_word' id='word_1_63' title='bbox 242 2217 349 2284; x_wconf 80' lang='lat' dir='ltr'>riores</span> <span class='ocrx_word' id='word_1_64' title='bbox 365 2239 507 2297; x_wconf 84' lang='lat' dir='ltr'>meuses,</span> <span class='ocrx_word' id='word_1_65' title='bbox 522 2221 578 2304; x_wconf 90' lang='lat' dir='ltr'>qui</span> <span class='ocrx_word' id='word_1_66' title='bbox 594 2237 715 2284; x_wconf 80' lang='lat' dir='ltr'>sunum</span> <span class='ocrx_word' id='word_1_67' title='bbox 729 2217 857 2294; x_wconf 86' lang='lat' dir='ltr'>finiunt,</span> <span class='ocrx_word' id='word_1_68' title='bbox 873 2235 1043 2282; x_wconf 77' lang='lat' dir='ltr'>enumero</span> <span class='ocrx_word' id='word_1_69' title='bbox 1065 2217 1246 2300; x_wconf 78' lang='lat' dir='ltr'>appetisti.</span> <span class='ocrx_word' id='word_1_70' title='bbox 1263 2218 1342 2284; x_wconf 80' lang='lat' dir='ltr'>siti·</span> 
     </span>
     <span class='ocr_line' id='line_1_10' title="bbox 240 2316 1340 2402; baseline 0.001 -18"><span class='ocrx_word' id='word_1_71' title='bbox 240 2337 333 2384; x_wconf 81' lang='lat' dir='ltr'>suum</span> <span class='ocrx_word' id='word_1_72' title='bbox 352 2321 474 2390; x_wconf 81' lang='lat' dir='ltr'>hubent</span> <span class='ocrx_word' id='word_1_73' title='bbox 488 2321 716 2385; x_wconf 79' lang='lat' dir='ltr'>Decembrem.</span> <span class='ocrx_word' id='word_1_74' title='bbox 759 2316 856 2384; x_wconf 80' lang='lat' dir='ltr'>Melo</span> <span class='ocrx_word' id='word_1_75' title='bbox 873 2337 982 2396; x_wconf 84' lang='lat' dir='ltr'>erues,</span> <span class='ocrx_word' id='word_1_76' title='bbox 1003 2319 1195 2384; x_wconf 78' lang='lat' dir='ltr'>masculino</span> <span class='ocrx_word' id='word_1_77' title='bbox 1210 2337 1340 2402; x_wconf 78' lang='lat' dir='ltr'>genere,</span> 
     </span>
     <span class='ocr_line' id='line_1_11' title="bbox 242 2419 1355 2504; baseline -0.004 -22"><span class='ocrx_word' id='word_1_78' title='bbox 242 2438 316 2484; x_wconf 89' lang='lat' dir='ltr'>cum</span> <span class='ocrx_word' id='word_1_79' title='bbox 340 2419 429 2484; x_wconf 78' lang='lat' dir='ltr'>dixit</span> <span class='ocrx_word' id='word_1_80' title='bbox 449 2419 623 2487; x_wconf 75' lang='lat' dir='ltr'><strong>Gracchus</strong></span> <span class='ocrx_word' id='word_1_81' title='bbox 644 2423 679 2486; x_wconf 93' lang='lat' dir='ltr'>iu</span> <span class='ocrx_word' id='word_1_82' title='bbox 700 2421 947 2504; x_wconf 67' lang='lat' dir='ltr'>orationeque</span> <span class='ocrx_word' id='word_1_83' title='bbox 970 2425 1021 2485; x_wconf 85' lang='lat' dir='ltr'>est</span> <span class='ocrx_word' id='word_1_84' title='bbox 1041 2421 1077 2484; x_wconf 91' lang='lat' dir='ltr'>in</span> <span class='ocrx_word' id='word_1_85' title='bbox 1093 2419 1135 2484; x_wconf 88' lang='lat' dir='ltr'>P.</span> <span class='ocrx_word' id='word_1_86' title='bbox 1152 2420 1355 2504; x_wconf 77' lang='lat' dir='ltr'>Popillium.</span> 
     </span>
     <span class='ocr_line' id='line_1_12' title="bbox 242 2520 1343 2607; baseline 0 -21"><span class='ocrx_word' id='word_1_87' title='bbox 242 2521 483 2604; x_wconf 72' lang='lat' dir='ltr'>posteriorem,¹</span> <span class='ocrx_word' id='word_1_88' title='bbox 506 2529 573 2588; x_wconf 80' lang='lat' dir='ltr'>tun</span> <span class='ocrx_word' id='word_1_89' title='bbox 593 2521 845 2607; x_wconf 73' lang='lat' dir='ltr'>repraesentavit</span> <span class='ocrx_word' id='word_1_90' title='bbox 864 2520 1036 2606; x_wconf 78' lang='lat' dir='ltr'>antiquum</span> <span class='ocrx_word' id='word_1_91' title='bbox 1048 2523 1343 2600; x_wconf 75' lang='lat' dir='ltr'>cousuetudinem,</span> 
     </span>
     <span class='ocr_line' id='line_1_13' title="bbox 241 2621 1343 2708; baseline 0.003 -22"><span class='ocrx_word' id='word_1_92' title='bbox 241 2639 339 2704; x_wconf 82' lang='lat' dir='ltr'>quum</span> <span class='ocrx_word' id='word_1_93' title='bbox 359 2621 444 2688; x_wconf 84' lang='lat' dir='ltr'>hune</span> <span class='ocrx_word' id='word_1_94' title='bbox 465 2623 616 2702; x_wconf 74' lang='lat' dir='ltr'>frontem,</span> <span class='ocrx_word' id='word_1_95' title='bbox 634 2629 703 2708; x_wconf 78' lang='lat' dir='ltr'>atq.</span> <span class='ocrx_word' id='word_1_96' title='bbox 722 2622 810 2688; x_wconf 83' lang='lat' dir='ltr'>huuc</span> <span class='ocrx_word' id='word_1_97' title='bbox 829 2623 965 2706; x_wconf 76' lang='lat' dir='ltr'>stirpem</span> <span class='ocrx_word' id='word_1_98' title='bbox 985 2623 1072 2688; x_wconf 87' lang='lat' dir='ltr'>idem</span> <span class='ocrx_word' id='word_1_99' title='bbox 1094 2625 1227 2707; x_wconf 81' lang='lat' dir='ltr'>sutiqui</span> <span class='ocrx_word' id='word_1_100' title='bbox 1243 2624 1343 2690; x_wconf 83' lang='lat' dir='ltr'>dixe·</span> 
     </span>
     <span class='ocr_line' id='line_1_14' title="bbox 241 2725 1344 2809; baseline 0.005 -24"><span class='ocrx_word' id='word_1_101' title='bbox 241 2731 326 2800; x_wconf 85' lang='lat' dir='ltr'>runt,</span> <span class='ocrx_word' id='word_1_102' title='bbox 342 2731 375 2788; x_wconf 89' lang='lat' dir='ltr'>et</span> <span class='ocrx_word' id='word_1_103' title='bbox 388 2741 499 2791; x_wconf 86' lang='lat' dir='ltr'>rursus</span> <span class='ocrx_word' id='word_1_104' title='bbox 512 2725 599 2790; x_wconf 83' lang='lat' dir='ltr'>heuu</span> <span class='ocrx_word' id='word_1_105' title='bbox 614 2727 745 2809; x_wconf 79' lang='lat' dir='ltr'>lupum,</span> <span class='ocrx_word' id='word_1_106' title='bbox 757 2725 843 2792; x_wconf 76' lang='lat' dir='ltr'>haue</span> <span class='ocrx_word' id='word_1_107' title='bbox 863 2732 1000 2788; x_wconf 86' lang='lat' dir='ltr'>metum.</span> <span class='ocrx_word' id='word_1_108' title='bbox 1042 2726 1132 2791; x_wconf 87' lang='lat' dir='ltr'>Item</span> <span class='ocrx_word' id='word_1_109' title='bbox 1150 2745 1232 2790; x_wconf 82' lang='lat' dir='ltr'>uum</span> <span class='ocrx_word' id='word_1_110' title='bbox 1254 2726 1344 2791; x_wconf 82' lang='lat' dir='ltr'>idem</span> 
     </span>
     <span class='ocr_line' id='line_1_15' title="bbox 240 2823 1346 2912; baseline 0.007 -26"><span class='ocrx_word' id='word_1_111' title='bbox 240 2825 274 2887; x_wconf 90' lang='lat' dir='ltr'>iu</span> <span class='ocrx_word' id='word_1_112' title='bbox 289 2823 495 2911; x_wconf 81' lang='lat' dir='ltr'><strong>Pompilium</strong></span> <span class='ocrx_word' id='word_1_113' title='bbox 508 2835 543 2892; x_wconf 90' lang='lat' dir='ltr'>et</span> <span class='ocrx_word' id='word_1_114' title='bbox 556 2834 747 2894; x_wconf 81' lang='lat' dir='ltr'>mutronss⁴</span> <span class='ocrx_word' id='word_1_115' title='bbox 761 2828 828 2892; x_wconf 79' lang='lat' dir='ltr'>sit:</span> <span class='ocrx_word' id='word_1_116' title='bbox 850 2824 903 2892; x_wconf 88' lang='lat' dir='ltr'>Eu</span> <span class='ocrx_word' id='word_1_117' title='bbox 916 2827 1074 2910; x_wconf 81' lang='lat' dir='ltr'>exemplu</span> <span class='ocrx_word' id='word_1_118' title='bbox 1088 2827 1259 2906; x_wconf 78' lang='lat' dir='ltr'>institute,</span> <span class='ocrx_word' id='word_1_119' title='bbox 1270 2829 1346 2912; x_wconf 74' lang='lat' dir='ltr'>dig-</span> 
     </span>
     <span class='ocr_line' id='line_1_16' title="bbox 240 2927 1140 3014; baseline 0.001 -23"><span class='ocrx_word' id='word_1_120' title='bbox 240 2945 304 2992; x_wconf 82' lang='lat' dir='ltr'>nus</span> <span class='ocrx_word' id='word_1_121' title='bbox 328 2927 469 3014; x_wconf 81' lang='lat' dir='ltr'>tuitqui</span> <span class='ocrx_word' id='word_1_122' title='bbox 491 2931 580 2997; x_wconf 80' lang='lat' dir='ltr'>melu</span> <span class='ocrx_word' id='word_1_123' title='bbox 600 2949 702 2996; x_wconf 78' lang='lat' dir='ltr'>eruce</span> <span class='ocrx_word' id='word_1_124' title='bbox 726 2929 848 3013; x_wconf 86' lang='lat' dir='ltr'>periret</span> <span class='ocrx_word' id='word_1_125' title='bbox 935 2973 945 2991; x_wconf 86' lang='lat'><strong>.</strong></span> <span class='ocrx_word' id='word_1_126' title='bbox 1030 2969 1041 2990; x_wconf 83' lang='grc'><strong>.</strong></span> <span class='ocrx_word' id='word_1_127' title='bbox 1131 2977 1140 2992; x_wconf 94' lang='grc'><strong>.</strong></span> 
     </span>
    </p>
   </div>
   <div class='ocr_carea' id='block_1_4' title="bbox 236 3131 1454 3724">
    <p class='ocr_par' dir='ltr' id='par_1_4' title="bbox 239 3131 1454 3434">
     <span class='ocr_line' id='line_1_17' title="bbox 530 3131 1348 3215; baseline 0.007 -21"><span class='ocrx_word' id='word_1_128' title='bbox 530 3174 539 3194; x_wconf 93' lang='grc'><strong>.</strong></span> <span class='ocrx_word' id='word_1_129' title='bbox 625 3137 687 3196; x_wconf 81' lang='lat' dir='ltr'>⁵et</span> <span class='ocrx_word' id='word_1_130' title='bbox 707 3131 907 3214; x_wconf 83' lang='lat' dir='ltr'>improbum,</span> <span class='ocrx_word' id='word_1_131' title='bbox 921 3131 981 3215; x_wconf 88' lang='lat' dir='ltr'>qui</span> <span class='ocrx_word' id='word_1_132' title='bbox 1002 3131 1140 3202; x_wconf 80' lang='lat' dir='ltr'>assidue</span> <span class='ocrx_word' id='word_1_133' title='bbox 1162 3135 1197 3197; x_wconf 89' lang='lat' dir='ltr'>in</span> <span class='ocrx_word' id='word_1_134' title='bbox 1218 3135 1348 3200; x_wconf 82' lang='lat' dir='ltr'>litibus</span> 
     </span>
     <span class='ocr_line' id='line_1_18' title="bbox 239 3233 1348 3317; baseline 0.007 -24"><span class='ocrx_word' id='word_1_135' title='bbox 239 3235 443 3297; x_wconf 80' lang='lat' dir='ltr'>moreretur:</span> <span class='ocrx_word' id='word_1_136' title='bbox 465 3233 510 3298; x_wconf 90' lang='lat' dir='ltr'>ob</span> <span class='ocrx_word' id='word_1_137' title='bbox 531 3251 638 3317; x_wconf 79' lang='lat' dir='ltr'>eumq.</span> <span class='ocrx_word' id='word_1_138' title='bbox 661 3252 799 3298; x_wconf 82' lang='lat' dir='ltr'>causam</span> <span class='ocrx_word' id='word_1_139' title='bbox 820 3235 853 3300; x_wconf 86' lang='lat' dir='ltr'>in</span> <span class='ocrx_word' id='word_1_140' title='bbox 878 3234 995 3298; x_wconf 78' lang='lat' dir='ltr'>eritne</span> <span class='ocrx_word' id='word_1_141' title='bbox 1016 3239 1119 3298; x_wconf 82' lang='lat' dir='ltr'>steret</span> <span class='ocrx_word' id='word_1_142' title='bbox 1139 3234 1348 3300; x_wconf 80' lang='lat' dir='ltr'>adeuntium</span> 
     </span>
     <span class='ocr_line' id='line_1_19' title="bbox 239 3330 1454 3434; baseline 0.007 -39"><span class='ocrx_word' id='word_1_143' title='bbox 239 3330 433 3398; x_wconf 77' lang='lat' dir='ltr'>Proetorum.</span> <span class='ocrx_word' id='word_1_144' title='bbox 477 3333 525 3399; x_wconf 81' lang='lat' dir='ltr'>At</span> <span class='ocrx_word' id='word_1_145' title='bbox 543 3335 655 3400; x_wconf 82' lang='lat' dir='ltr'>AElius</span> <span class='ocrx_word' id='word_1_146' title='bbox 677 3335 776 3416; x_wconf 89' lang='lat' dir='ltr'>Stilo,</span> <span class='ocrx_word' id='word_1_147' title='bbox 791 3337 850 3419; x_wconf 90' lang='lat' dir='ltr'>qui</span> <span class='ocrx_word' id='word_1_148' title='bbox 865 3335 1000 3400; x_wconf 87' lang='lat' dir='ltr'>minime</span> <span class='ocrx_word' id='word_1_149' title='bbox 1015 3333 1129 3400; x_wconf 82' lang='lat' dir='ltr'>urtiiue</span> <span class='ocrx_word' id='word_1_150' title='bbox 1144 3338 1296 3402; x_wconf 72' lang='lat' dir='ltr'>vireret.</span> <span class='ocrx_word' id='word_1_151' title='bbox 1312 3338 1352 3402; x_wconf 82' lang='lat' dir='ltr'>e‘</span> <span class='ocrx_word' id='word_1_152' title='bbox 1453 3413 1454 3434; x_wconf 13' lang='grc' dir='ltr'>χ</span> 
     </span>
    </p>

    <p class='ocr_par' dir='ltr' id='par_1_5' title="bbox 236 3435 1352 3724">
     <span class='ocr_line' id='line_1_20' title="bbox 337 3435 1351 3520; baseline 0.003 -21"><span class='ocrx_word' id='word_1_153' title='bbox 337 3478 346 3499; x_wconf 94' lang='grc'><strong>.</strong></span> <span class='ocrx_word' id='word_1_154' title='bbox 430 3435 465 3514; x_wconf 81' lang='lat' dir='ltr'>iu</span> <span class='ocrx_word' id='word_1_155' title='bbox 487 3453 527 3499; x_wconf 86' lang='lat' dir='ltr'>ee</span> <span class='ocrx_word' id='word_1_156' title='bbox 549 3438 708 3515; x_wconf 80' lang='lat' dir='ltr'>oratione,</span> <span class='ocrx_word' id='word_1_157' title='bbox 734 3457 835 3520; x_wconf 85' lang='lat' dir='ltr'>quem</span> <span class='ocrx_word' id='word_1_158' title='bbox 857 3437 974 3500; x_wconf 86' lang='lat' dir='ltr'>scribit</span> <span class='ocrx_word' id='word_1_159' title='bbox 994 3437 1036 3500; x_wconf 91' lang='lat' dir='ltr'>de</span> <span class='ocrx_word' id='word_1_160' title='bbox 1059 3437 1133 3500; x_wconf 86' lang='lat' dir='ltr'>suis</span> <span class='ocrx_word' id='word_1_161' title='bbox 1155 3438 1351 3504; x_wconf 81' lang='lat' dir='ltr'>virtutibus</span> 
     </span>
     <span class='ocr_line' id='line_1_21' title="bbox 239 3534 1352 3620; baseline 0.008 -24"><span class='ocrx_word' id='word_1_162' title='bbox 239 3540 353 3598; x_wconf 83' lang='lat' dir='ltr'>contra</span> <span class='ocrx_word' id='word_1_163' title='bbox 370 3534 558 3602; x_wconf 85' lang='lat' dir='ltr'>Thermum.</span> <span class='ocrx_word' id='word_1_164' title='bbox 602 3536 694 3616; x_wconf 85' lang='lat' dir='ltr'>Quid</span> <span class='ocrx_word' id='word_1_165' title='bbox 718 3538 799 3602; x_wconf 88' lang='lat' dir='ltr'>mihi</span> <span class='ocrx_word' id='word_1_166' title='bbox 818 3537 926 3613; x_wconf 85' lang='lat' dir='ltr'>fieret,</span> <span class='ocrx_word' id='word_1_167' title='bbox 948 3537 979 3601; x_wconf 89' lang='lat' dir='ltr'>si</span> <span class='ocrx_word' id='word_1_168' title='bbox 1002 3555 1069 3601; x_wconf 86' lang='lat' dir='ltr'>nou</span> <span class='ocrx_word' id='word_1_169' title='bbox 1087 3557 1150 3619; x_wconf 78' lang='lat' dir='ltr'>ego</span> <span class='ocrx_word' id='word_1_170' title='bbox 1166 3541 1352 3620; x_wconf 80' lang='lat' dir='ltr'>stipendia</span> 
     </span>
     <span class='ocr_line' id='line_1_22' title="bbox 236 3633 1351 3724; baseline 0.008 -27"><span class='ocrx_word' id='word_1_171' title='bbox 236 3633 288 3718; x_wconf 89' lang='lat' dir='ltr'>(in</span> <span class='ocrx_word' id='word_1_172' title='bbox 316 3633 466 3719; x_wconf 84' lang='lat' dir='ltr'>urdine)⁷</span> <span class='ocrx_word' id='word_1_173' title='bbox 496 3637 608 3703; x_wconf 83' lang='lat' dir='ltr'>omnia</span> <span class='ocrx_word' id='word_1_174' title='bbox 638 3637 825 3704; x_wconf 74' lang='lat' dir='ltr'>ordinarius</span> <span class='ocrx_word' id='word_1_175' title='bbox 857 3637 1048 3702; x_wconf 84' lang='lat' dir='ltr'>meruissem</span> <span class='ocrx_word' id='word_1_176' title='bbox 1078 3642 1241 3724; x_wconf 67' lang='lat' dir='ltr'>semper?</span> <span class='ocrx_word' id='word_1_177' title='bbox 1266 3649 1351 3706; x_wconf 89' lang='lat' dir='ltr'>suut</span> 
     </span>
    </p>
   </div>
   <div class='ocr_carea' id='block_1_5' title="bbox 271 3927 1356 3995">
    <p class='ocr_par' dir='ltr' id='par_1_6' title="bbox 271 3927 1356 3995">
     <span class='ocr_line' id='line_1_23' title="bbox 271 3927 1356 3995; baseline 0.011 -19"><span class='ocrx_word' id='word_1_178' title='bbox 271 3932 282 3976; x_wconf 89' lang='lat' dir='ltr'>l</span> <span class='ocrx_word' id='word_1_179' title='bbox 301 3927 319 3976; x_wconf 79' lang='lat' dir='ltr'>t·</span> <span class='ocrx_word' id='word_1_180' title='bbox 338 3929 468 3980; x_wconf 68' lang='lat' dir='ltr'>sorticulo</span> <span class='ocrx_word' id='word_1_181' title='bbox 479 3931 540 3978; x_wconf 70' lang='lat' dir='ltr'>lustr</span> <span class='ocrx_word' id='word_1_182' title='bbox 550 3929 745 3995; x_wconf 73' lang='lat' dir='ltr'>eddidetsrumd</span> <span class='ocrx_word' id='word_1_183' title='bbox 755 3936 861 3984; x_wconf 67' lang='lat' dir='ltr'>turm—2</span> <span class='ocrx_word' id='word_1_184' title='bbox 877 3931 990 3982; x_wconf 63' lang='lat' dir='ltr'>fiee-³</span> <span class='ocrx_word' id='word_1_185' title='bbox 1007 3929 1028 3979; x_wconf 83' lang='lat' dir='ltr'>f.</span> <span class='ocrx_word' id='word_1_186' title='bbox 1044 3931 1242 3992; x_wconf 67' lang='lat' dir='ltr'>mirre-4</span> <span class='ocrx_word' id='word_1_187' title='bbox 1260 3935 1287 3986; x_wconf 74' lang='lat' dir='ltr'>f.</span> <span class='ocrx_word' id='word_1_188' title='bbox 1303 3939 1356 3988; x_wconf 80' lang='grc' dir='ltr'>Ρο-</span> 
     </span>
    </p>
   </div>
   <div class='ocr_carea' id='block_1_6' title="bbox 238 3991 1355 4124">
    <p class='ocr_par' dir='ltr' id='par_1_7' title="bbox 238 3991 1355 4124">
     <span class='ocr_line' id='line_1_24' title="bbox 238 3991 1355 4064; baseline 0.011 -25"><span class='ocrx_word' id='word_1_189' title='bbox 238 3993 331 4054; x_wconf 76' lang='lat' dir='ltr'>pittisrr</span> <span class='ocrx_word' id='word_1_190' title='bbox 344 3999 367 4042; x_wconf 83' lang='lat' dir='ltr'>et</span> <span class='ocrx_word' id='word_1_191' title='bbox 385 3994 576 4043; x_wconf 59' lang='lat' dir='ltr'>Marionem-s</span> <span class='ocrx_word' id='word_1_192' title='bbox 595 3991 615 4056; x_wconf 76' lang='lat'>[⁶</span> <span class='ocrx_word' id='word_1_193' title='bbox 630 3996 694 4046; x_wconf 75' lang='lat' dir='ltr'>titre</span> <span class='ocrx_word' id='word_1_194' title='bbox 710 4009 768 4045; x_wconf 85' lang='lat' dir='ltr'>cum</span> <span class='ocrx_word' id='word_1_195' title='bbox 781 3993 832 4046; x_wconf 82' lang='lat' dir='ltr'>due</span> <span class='ocrx_word' id='word_1_196' title='bbox 845 4011 903 4064; x_wconf 58' lang='lat' dir='ltr'>ptr„</span> <span class='ocrx_word' id='word_1_197' title='bbox 915 3996 971 4061; x_wconf 69' lang='lat' dir='ltr'>[tt]</span> <span class='ocrx_word' id='word_1_198' title='bbox 984 3995 1270 4060; x_wconf 69' lang='lat' dir='ltr'>conjungenturne·</span> <span class='ocrx_word' id='word_1_199' title='bbox 1289 4003 1355 4055; x_wconf 74' lang='lat' dir='ltr'>Jus.</span> 
     </span>
     <span class='ocr_line' id='line_1_25' title="bbox 239 4054 670 4124; baseline 0.019 -22"><span class='ocrx_word' id='word_1_200' title='bbox 239 4054 373 4115; x_wconf 58' lang='lat' dir='ltr'>Suum-ti</span> <span class='ocrx_word' id='word_1_201' title='bbox 389 4055 408 4104; x_wconf 85' lang='lat' dir='ltr'>f.</span> <span class='ocrx_word' id='word_1_202' title='bbox 424 4073 437 4106; x_wconf 79' lang='lat' dir='ltr'>s</span> <span class='ocrx_word' id='word_1_203' title='bbox 452 4059 488 4106; x_wconf 87' lang='grc' dir='ltr'>Μ.</span> <span class='ocrx_word' id='word_1_204' title='bbox 502 4057 620 4108; x_wconf 66' lang='lat' dir='ltr'>este-r</span> <span class='ocrx_word' id='word_1_205' title='bbox 631 4057 670 4124; x_wconf 88' lang='lat'>().</span> 
     </span>
    </p>
   </div>
   <div class='ocr_carea' id='block_1_7' title="bbox 0 0 1472 4864">
    <p class='ocr_par' dir='ltr' id='par_1_8' title="bbox 0 0 1472 4864">
     <span class='ocr_line' id='line_1_26' title="bbox 0 0 1472 4864; baseline 0 3"><span class='ocrx_word' id='word_1_206' title='bbox 0 0 1472 4864; x_wconf 95' lang='lat' dir='ltr'> </span> 
     </span>
    </p>
   </div>
  </div>
 </body>
</html>
