3008 4842
286 383 333 431 nr
356 381 564 432 vnnnorruu
588 379 894 429 srnurrrusrroun
918 379 988 428 nin.
1013 379 1093 428 xrv.
1178 365 1242 430 629

144 521 412 604 Praerogatirae'
438 524 596 590 centurion
623 522 789 602 dicuntur,
815 531 855 588 ut
881 521 978 588 docnt
1003 520 1111 587 Varro
1135 541 1242 610 rerum

190 624 407 690 humanarum
421 626 509 691 libro
523 633 633 704 sexto,
656 645 733 709 qnae
747 633 842 690 rus.¹⁵
944 671 952 687 .

386 775 395 793 .
466 727 622 807 Romani,
639 730 696 810 qui
711 731 898 810 ignorarent
911 726 1083 810 petitores,
1106 725 1241 790 taetrius

191 847 251 892 eos
265 829 530 895 animadvertero
544 836 697 913 possent.
740 827 879 894 Verrius
895 827 1103 912 probabilius
1112 827 1243 932 judicat

183 1099 213 1144 1⁵
229 1093 291 1145 vti.
305 1093 377 1145 Not.

180 1329 192 1354 ¹
220 1321 408 1384 stannus]
437 1323 559 1387 Explicat
585 1323 677 1372 Festus
717 1320 841 1385 populum
857 1321 918 1384 jure
945 1318 1055 1384 rogauit,
1080 1319 1244 1385 populusque

151 1410 197 1446 eor
207 1395 364 1446 introducta
376 1395 485 1456 inerint,
496 1411 545 1446 non
557 1411 612 1461 qna
625 1393 679 1444 irre·
712 1399 773 1463 juro
786 1400 861 1450 seivit
873 1401 898 1449 in
914 1398 970 1449 foro
988 1415 1036 1466 pro
1057 1399 1157 1450 Rostris
1175 1415 1198 1450 ιι.
1218 1400 1244 1450 d.

152 1472 213 1535 rint,
227 1473 269 1521 ha
281 1473 416 1534 centuria,
430 1485 516 1536 neque
531 1487 578 1522 rur
587 1474 624 1521 ita
635 1487 679 1535 ap·
714 1473 799 1526 Inui.
828 1473 907 1525 Eidus
917 1475 1010 1526 Julius.
1025 1475 1119 1525 Tribus
1131 1475 1223 1539 Sergia
1236 1491 1244 1527 r

150 1549 268 1612 pellata.
301 1547 425 1598 Mundum
436 1556 522 1614 autern
533 1553 574 1598 est
589 1547 678 1597 initiis
715 1553 868 1618 prinoipiunr
883 1552 933 1604 suit
948 1567 995 1619 pro
1011 1554 1081 1605 tribu
1094 1555 1156 1605 Sex.
1171 1553 1202 1604 Ι..
1214 1553 1245 1604 F.

150 1625 248 1689 serbis,
269 1639 323 1689 pu
343 1637 499 1674 rus.·..rros
518 1625 578 1687 quod
593 1624 678 1676 nutiri
715 1629 817 1680 Varro!
854 1630 906 1682 Qut
936 1629 1008 1681 iocus
1033 1629 1244 1681 mendosissimus

151 1702 340 1752 adieramus:
358 1709 385 1749 et
394 1709 501 1764 utraque
510 1699 606 1762 opinio,
613 1700 679 1750 Vsu·
713 1702 799 1754 editus
810 1712 859 1756 est.
868 1707 920 1755 dus.
931 1705 994 1755 Scri.
1021 1706 1201 1756 (tentoriarum
1213 1717 1244 1754 ao

150 1778 221 1827 rouis
229 1785 257 1827 et
267 1778 363 1838 Verrii,
372 1790 435 1826 rora
450 1781 499 1826 est.
532 1775 615 1829 Fuere
633 1791 677 1826 au·
720 1779 832 1830 tribuunt
853 1779 1020 1830 comitialium
1040 1782 1098 1831 aliie
1119 1781 1245 1842 nuntius

153 1861 206 1902 tenu
217 1868 257 1903 sar
267 1855 403 1910 centuria,
420 1869 477 1918 qna
489 1854 576 1916 primos
586 1853 678 1904 suffro-
718 1861 815 1919 onusta,
824 1856 997 1919 Praerogotiooe
1014 1857 1079 1908 utin·
1111 1855 1246 1921 Proeruga·

151 1931 220 1994 giuru
242 1929 362 1981 tenuant
379 1933 530 1982 osuturiotis
547 1933 678 1982 consitiis:
720 1935 836 1983 tivauua
847 1940 904 1983 erat
918 1933 1024 1996 singuiis
1043 1933 1153 1984 comitiis
1170 1934 1247 1984 sorti·

153 2006 521 2071 absadsmrsitssppstiatae,
531 2007 598 2072 quod
609 2009 679 2070 prius
720 2009 796 2060 tiore
814 2011 911 2074 electa,
931 2025 988 2076 quor
1007 2011 1067 2074 jure
1088 2010 1198 2072 voratis,
1218 2009 1246 2059 id

154 2091 305 2146 rogarentur
321 2083 356 2133 ab
372 2099 413 2146 so,
424 2087 469 2148 qui
486 2084 590 2134 comitio
599 2083 679 2134 habs·
720 2091 770 2145 est,
789 2086 885 2135 ceteris
905 2085 1022 2135 omuibus
1040 2085 1247 2150 praerogabatnr,

156 2167 221 2215 rest,
234 2160 338 2222 Velitis,
351 2158 469 2224 jubeatis
485 2159 680 2222 hor,untitiud.
721 2162 892 2226 princepsque
915 2161 1035 2218 omniurn,
1065 2161 1166 2211 tametsi
1188 2161 1246 2210 ineo

153 2235 216 2284 Erat
238 2243 325 2284 auteur
343 2236 480 2284 ruariorum
501 2235 679 2298 prerogativa·
721 2245 853 2300 postrenus
874 2237 915 2286 rei
936 2235 1030 2294 media,
1050 2236 1077 2285 in
1098 2233 1248 2299 suffragium

152 2325 208 2360 ruur
230 2311 393 2368 beneficium,
416 2311 484 2375 quod
501 2325 629 2376 nunquam
646 2311 680 2361 ab
720 2312 879 2362 mittebatur.
905 2310 1247 2376 Jursooontoesuntreiiqoa

152 2387 189 2436 eis
206 2387 310 2437 dicator
328 2396 429 2437 eeteros
446 2387 615 2452 discrepasse.
643 2388 681 2439 Ut
721 2401 892 2452 nonnunqum
912 2401 957 2436 ruo
973 2386 1055 2452 gradu
1075 2393 1200 2436 vocantur
1219 2391 1248 2436 et

152 2468 310 2512 verossrsut
320 2464 502 2526 praerogativa
518 2465 610 2514 sortito
621 2477 680 2512 eve·
720 2462 870 2528 suffragium
887 2460 984 2516 furunt.
1007 2462 1186 2527 Praerogativa
1202 2461 1249 2511 tri·

152 2538 250 2589 niebnt.
285 2541 389 2590 Cetera
411 2540 609 2604 appellabantur
624 2541 682 2602 ,iure
721 2538 822 2589 busrsu
834 2537 953 2587 centuria
969 2550 1042 2587 omen
1057 2537 1159 2602 aliquod
1175 2537 1202 2585 in
1218 2551 1247 2586 se

152 2620 250 2664 mie.
275 2615 389 2664 Vidend.
411 2614 506 2664 Ancon.
533 2615 578 2664 lib.
601 2628 633 2666 11.
655 2616 682 2665 iu
721 2613 881 2664 continebat.
913 2613 1011 2664 Tullius
1034 2627 1053 2665 r.
1079 2612 1111 2663 de
1134 2613 1248 2663 Diuiuat.

152 2691 271 2742 Verrem.
303 2693 396 2742 cicero
414 2693 566 2757 prodinus.
581 2693 681 2744 etPhi·
721 2690 946 2754 ‘Praerogativam
958 2690 1066 2754 majores
1082 2690 1163 2740 nostri
1172 2703 1249 2739 ouusn

152 2765 217 2830 iipp.
229 2781 261 2816 ιι.
273 2774 302 2816 st
312 2768 357 2818 uu.
368 2782 388 2818 ι.
399 2774 426 2818 et
440 2781 473 2818 ιι.
483 2769 516 2817 de
528 2768 619 2819 Dirin.
637 2769 681 2818 Li·
717 2767 847 2832 justornm
856 2767 1016 2816 comitiorum
1027 2780 1084 2816 erse
1093 2764 1248 2817 votuerunt:

152 2843 209 2892 sius
220 2845 325 2907 sapius.
341 2843 478 2906 Auidsg.
528 2869 531 2876 ·
721 2843 835 2908 Ideoque
853 2844 908 2908 ejus
928 2843 953 2892 in
972 2841 1138 2907 sequentibus
1158 2839 1248 2892 suffra-

185 2918 374 2981 Praersgotisae]
392 2919 478 2980 neiis,
487 2919 549 2968 item
561 2918 612 2968 iilis
623 2933 680 2983 qua
721 2919 769 2982 giis
785 2919 850 2968 ratio
860 2917 1014 2979 habebatur,
1030 2932 1081 2967 unu
1100 2917 1249 2981 quodenset

147 2992 204 3054 jue
221 2999 311 3044 motus
327 2993 489 3056 dicebantur,
502 2993 632 3044 Ausonius
654 3001 681 3044 et
722 2993 814 3056 prirua,
825 3001 853 3042 nt
865 2992 930 3042 friso
942 2992 1044 3058 quidam
1057 2992 1249 3042 existimarunt.

152 3071 248 3120 lisias.
285 3069 414 3120 Ausonius
430 3071 457 3120 in
474 3071 632 3135 panegyrico
648 3070 681 3119 ad
721 3070 819 3122 Tullius
841 3083 872 3119 rr.
891 3062 923 3119 de
946 3069 1035 3118 Disiu.
1069 3068 1249 3132 ‘Haruspices

153 3145 307 3196 Gratianum
323 3143 482 3210 Auguutnmz
499 3145 613 3196 ‘Vutate
630 3161 682 3196 rno-
722 3161 781 3196 oum
797 3145 915 3196 Tiberius
932 3145 1067 3196 Groucirns
1083 3145 1109 3195 in
1126 3145 1250 3196 Senatum

152 3219 295 3270 dueiasses
310 3218 682 3283 popuii,etnrbanarum'1'ri·
722 3221 920 3285 introduxisset,
949 3230 1056 3286 propter
1087 3221 1250 3285 rspentiuarn

153 3297 234 3348 buum
246 3299 439 3363 prerogativae,
454 3299 614 3348 etcerturiae
621 3299 683 3362 jure
722 3306 830 3349 mortem
842 3298 907 3362 ejus,
923 3299 967 3363 qui
983 3297 1009 3345 in
1025 3296 1194 3360 prerogativa
1205 3296 1250 3346 ds·

154 3375 276 3426 sunta:
300 3373 509 3425 Uulturnus
522 3374 683 3424 Flaviosuri·
722 3372 830 3430 ferenda
846 3374 930 3424 subito
947 3373 1114 3435 concidisset,
1131 3386 1180 3422 non
1193 3371 1250 3434 jus·

155 3453 204 3504 ba:
223 3451 361 3515 ‘iisrique
380 3465 408 3500 se
425 3464 473 3513 pro
488 3449 558 3499 tribu
575 3449 682 3502 AEdiisrn
724 3458 777 3499 turn
804 3456 949 3512 rogatorem
977 3448 1143 3498 conuitiorum
1169 3446 1250 3498 fuisse

153 3526 276 3577 rideret!
308 3527 363 3588 Ego
379 3525 539 3588 interpretor
553 3539 596 3588 pro
612 3524 685 3586 trihu,
723 3525 862 3578 dixerunt!
893 3522 970 3577 Quod
992 3525 1085 3576 Festus
1109 3522 1190 3574 refert
1217 3538 1250 3573 ex

153 3603 332 3668 prerogativa
349 3601 427 3652 tribu.
455 3601 517 3650 Piso
533 3600 565 3649 de
577 3599 682 3650 eodem:
724 3603 839 3652 Varrone
858 3608 885 3651 et
895 3599 999 3662 Verrio,
1013 3599 1039 3649 id
1051 3598 1251 3665 quidemrsrunr

154 3679 298 3730 ‘Eundem
317 3679 406 3742 prinroe
419 3677 501 3726 tribus
521 3675 621 3726 adiisnr
639 3691 684 3728 ru·
723 3686 773 3742 est,
791 3679 838 3729 sed
856 3678 894 3728 sio
914 3683 1014 3728 tantum
1031 3675 1251 3740 explicatouriu-

154 3758 238 3806 ruieru
255 3752 492 3805 renunciaverunt!
519 3752 624 3803 Eadem
645 3766 684 3802 er·
725 3754 853 3806 traductas
880 3749 975 3804 fuerint
998 3751 1174 3816 prorogantes,
1199 3764 1251 3799 non

155 3847 188 3897 go
200 3833 208 3861 ‘
218 3830 399 3896 praerogativa
418 3827 517 3879 tribus’
534 3834 580 3878 et‘
594 3828 684 3892 primas
724 3844 786 3880 vero
801 3843 858 3894 qua
876 3826 982 3888 fuerint,
1000 3839 1084 3891 nsque
1101 3839 1148 3874 cnr
1158 3825 1195 3874 ita
1206 3839 1252 3890 ap.

155 3909 256 3960 trium:
283 3908 350 3958 Nam
361 3906 398 3956 ita
414 3907 442 3956 in
457 3902 684 3967 iegibus-ferendis
724 3906 838 3970 peilatus.
864 3901 896 3952 ln
919 3903 1003 3951 serbis
1021 3899 1145 3950 Varronis
1165 3900 1252 3963 tegen-

155 3985 338 4048 ioqusbantur.
365 3981 410 4032 Sic
428 3980 502 4030 initio
521 3979 586 4043 legis
603 3981 685 4043 cujus·
725 3983 786 4031 durn
808 3995 840 4030 ex
862 3979 968 4028 doctiss.
989 3975 1097 4026 Antonii
1113 3975 1252 4039 Augustini

155 4061 217 4111 darn
237 4061 264 4110 iu
283 4058 375 4110 tabula
392 4070 487 4108 aensar
513 4068 684 4107 rnrucrrrurr
720 4056 835 4123 judicio:
864 4056 933 4112 Quod
956 4051 1041 4103 rustici
1072 4052 1182 4111 Βοιιιιιιιί,
1209 4055 1250 4116 tsr.

156 4149 230 4188 surr.
241 4147 306 4186 ruo.
318 4145 415 4183 rursu.
443 4131 512 4182 Itrru
523 4131 590 4196 apud
604 4131 684 4180 Fron·
724 4137 792 4185 nac.

157 4213 255 4264 tinum:
272 4211 324 4262 ‘'i'.
343 4210 466 4264 Quintius
481 4209 613 4274 Crispinus
625 4207 683 4257 Cos.
