2934 4864
260 355 345 424 1188
591 369 705 420 saxrr
730 369 884 418 eournrr
908 367 1012 418 arsur

260 535 364 583 causa
379 515 568 580 tuirnoman
582 515 726 579 fluminis
742 514 881 593 Ouseus,
897 515 988 598 quod
1004 515 1109 579 estin
1123 533 1203 597 egro
1219 514 1346 579 Priuer·

259 625 334 684 noto
357 635 446 680 mare
473 614 593 679 intra¹'
618 623 651 679 et
676 614 885 680 Taracinam.
929 615 1167 680 Lucretiusr't
1189 615 1349 680 Priverno

260 717 451 786 Oufentina
466 717 569 793 venit,
590 716 727 800 fluuioq.
750 715 912 780 Oufente:
932 724 1058 798 postea
1079 715 1202 780 deinde
1226 735 1249 778 a
1264 715 1350 780 Cen·

260 823 392 888 soribus
406 819 465 884 elii
486 838 589 903 quoq.
605 817 809 884 diversarum
830 819 1004 882 civitatum
1025 817 1134 882 eidem
1155 817 1260 880 tribui
1275 824 1350 880 sont

259 923 408 1004 ascripti.
452 920 614 986 Oscillum
636 921 756 986 Santra
777 921 846 984 dici
865 921 923 998 ait,
945 921 1036 1003 quod
1056 919 1227 994 oscillent,
1243 919 1350 992 idest,

259 1025 429 1098 inclinent,
445 1021 667 1105 praecipitesq.
683 1020 901 1086 offerantur.²⁰
944 1020 1161 1096 oscillantes,
1173 1023 1224 1084 eit
1239 1019 1351 1084 Corni-

260 1125 370 1202 ficius,
391 1125 434 1188 ab
455 1141 495 1188 eo
518 1123 606 1206 quod
631 1142 670 1187 os
690 1123 810 1188 caelare
834 1125 900 1188 siut
921 1123 1015 1188 soliti
1040 1123 1196 1204 personis
1217 1129 1350 1204 propter

260 1224 505 1301 verecundiam,
520 1224 579 1307 qui
593 1243 636 1288 eo
650 1243 766 1306 genere
775 1223 872 1288 lusus
883 1225 1070 1288 utebantur.
1107 1221 1226 1286 Causa
1240 1230 1350 1286 mrem

259 1327 334 1409 ejus
342 1325 538 1408 jactationis
554 1325 702 1407 proditur
713 1325 855 1390 Latinus
870 1343 940 1401 rex,
955 1325 1014 1408 qui
1036 1323 1158 1407 praelio
1174 1324 1267 1406 qnod
1281 1324 1345 1387 eis¹

258 1426 323 1490 suit
336 1425 496 1490 adversus
519 1425 719 1492 Mezentium
741 1424 899 1490 Caeritum
920 1445 1030 1507 regem
1050 1443 1222 1507 nusquam
1249 1443 1349 1507 uppa-

259 1525 369 1596 ruerit,
380 1526 582 1610 judicatusq.
604 1527 648 1590 sit
662 1527 818 1610 luppiter
838 1528 945 1592 iactus
959 1527 1117 1592 Latiaris.
1163 1526 1255 1608 ltaq.
1268 1524 1348 1608 (scit

259 1626 356 1710 ejps²
382 1627 456 1691 dies
483 1627 620 1692 feriatos
647 1627 785 1704 liberos,
815 1648 962 1710 servosq.
988 1629 1158 1709 requirere
1184 1645 1261 1690 enm
1287 1643 1347 1688 non
1454 1629 1455 1660 ¹

259 1728 366 1792 solum
379 1728 414 1790 iu
429 1729 536 1805 terris,
558 1728 617 1794 sed
633 1730 733 1793 etiam
749 1749 816 1813 quo
830 1729 994 1794 videretur
1010 1728 1133 1793 cetum
1149 1747 1253 1809 posse
1265 1726 1345 1790 adiri

258 1847 315 1912 per
329 1828 577 1906 oscillationem,
593 1829 685 1893 velut
698 1830 868 1910 imaginem
885 1829 1050 1912 quandam
1074 1827 1156 1892 vitoe
1180 1826 1343 1904 hamam,

259 1929 293 1992 in
308 1947 378 2011 qua
389 1927 551 1996 altissima
566 1928 609 1992 ad
624 1928 770 1994 intimum
790 1930 963 2006 interdum,
981 1927 1096 1993 infima
1118 1929 1164 1992 ad
1184 1947 1344 1992 summum

260 2030 456 2096 efferunturr
477 2035 542 2112 atq.
568 2029 646 2094 ideo
675 2031 862 2094 memoriam
886 2050 987 2114 quoq.
1011 2029 1228 2112 redintegrari
1255 2030 1346 2094 initio

259 2139 408 2213 accepte
424 2131 503 2194 vitae
517 2151 575 2213 per
590 2139 700 2194 motus
714 2150 885 2208 cunarum,
900 2132 1033 2215 lactisq.
1044 2133 1253 2209 alimentum,
1273 2131 1348 2214 quia

258 2251 319 2315 per
333 2251 392 2296 eoo
403 2231 475 2296 dies
489 2231 651 2309 seriarum,
664 2238 697 2296 et
718 2232 846 2296 oscillis
868 2243 1072 2308 moveantur,
1094 2241 1131 2296 et
1144 2233 1271 2296 luctata
1289 2251 1346 2314 po-
1454 2227 1455 2232 ’

258 2333 348 2396 tione
361 2332 454 2414 [178]
468 2339 618 2398 utantur:
640 2351 700 2397 nec
714 2332 832 2396 desunt
856 2335 913 2416 qui
934 2333 1127 2415 exemplum
1149 2331 1346 2397 Gramma
1454 2383 1455 2403 ,

258 2439 391 2496 secutos
413 2437 529 2515 putent
556 2433 675 2512 Italos,
704 2435 795 2516 quod
821 2435 870 2500 illi
895 2454 997 2517 quoq.
1025 2433 1149 2517 injuria
1175 2432 1345 2498 interswto

257 2529 370 2608 Icaro,
385 2531 527 2614 Erigone
543 2533 611 2598 tilio
632 2535 706 2618 ejus
727 2535 840 2600 dolore
861 2535 997 2619 inpulsa
1019 2533 1210 2617 suspendio
1233 2535 1349 2616 periis-

257 2640 321 2709 set,
342 2651 402 2715 per
423 2633 668 2700 simulationem
785 2683 794 2704 .
882 2679 890 2697 .
976 2683 985 2700 .
1074 2681 1081 2695 .
1171 2634 1348 2700 Ostentum
1453 2717 1454 2720 Ἴ

257 2749 320 2796 uon
334 2733 440 2797 solum
456 2753 516 2817 pro
531 2741 684 2816 portento
699 2739 777 2821 poni
792 2737 910 2813 solere,
925 2737 985 2800 sed
1006 2738 1105 2800 etiarn
1127 2737 1349 2819 participiali·

257 2837 307 2896 ter
871 2839 1062 2904 testimonio
1091 2845 1145 2902 est
1175 2837 1351 2902 Pacuvius

258 2934 292 2996 in
308 2933 428 2998 Medo:
450 2933 531 3017 Atq.
545 2955 658 3000 eccum
673 2938 797 3021 inipso
811 2945 961 3022 tempore
974 2944 1141 3004 ostentum
1157 2957 1297 3003 senem:
1319 2943 1354 3000 et

256 3032 385 3100 Accius
406 3034 439 3098 iu
461 3035 623 3101 Bacchis:
646 3038 801 3102 Praesens
824 3045 946 3122 praestu
967 3039 1114 3104 irridetis
1136 3039 1240 3102 nohis
1262 3039 1354 3120 stipe

450 3181 458 3196 .
542 3135 631 3200 ultro
645 3144 808 3202 ostentum
822 3141 951 3204 obtulit.
982 3139 1145 3203 Oscinnm
1160 3137 1354 3222 tripudium

255 3241 319 3312 est,
334 3233 504 3317 quodoris
526 3242 628 3301 cantu
651 3238 816 3320 significat
840 3241 920 3323 quid
936 3239 1106 3324 portendi;
1128 3259 1207 3304 cum
1223 3240 1355 3304 cecinit

256 3355 388 3413 corvus,
411 3337 538 3416 cornix,
561 3346 696 3417 noctua,
720 3359 829 3422 parra,
851 3343 957 3424 picus.
1001 3340 1159 3406 Obstinet
1188 3341 1358 3406 dicebant

256 3436 396 3520 antiqui,
410 3437 501 3518 quod
527 3457 616 3503 nunc
637 3440 801 3520 ostendit3
822 3447 858 3505 ut
877 3443 912 3505 iu
931 3441 1096 3506 veteribus
1120 3441 1356 3506 carminibus:

255 3535 323 3599 Sed
343 3535 416 3617 jam
438 3556 476 3601 se
497 3539 584 3602 caelo
604 3539 746 3604 cedens³
769 3560 889 3606 aurora
910 3541 1058 3606 obstinet
1079 3560 1180 3604 suum
1205 3551 1358 3624 patrem.

256 3633 397 3700 Oscines
411 3654 494 3700 avos
507 3636 577 3720 Ap.
592 3637 822 3704 Claudianus⁴
839 3659 914 3706 esse
933 3641 993 3718 ait,
1010 3660 1086 3725 quse
1111 3660 1169 3705 ore
1183 3651 1359 3707 canentes
1450 3647 1451 3677 ¹

253 3738 379 3804 iaciant
406 3738 606 3822 auspicium,
627 3745 665 3804 ut
684 3760 816 3820 corvos,
838 3743 964 3821 cornix,
985 3753 1129 3808 noctae:
1158 3748 1244 3806 ant⁵
1277 3764 1361 3828 qnae
1449 3797 1450 3810 2

707 3951 886 3976 Onnmouo

287 4099 318 4141 18
333 4093 351 4142 i.
367 4098 428 4146 later
439 4103 616 4157 m,er.-ro
634 4101 665 4150 et.
678 4099 855 4149 ludusa-2⁰
872 4097 890 4148 i.
909 4098 1095 4162 efferarum-t
1114 4101 1148 4148 sl.
1160 4103 1251 4152 ert-2
1271 4106 1310 4156 nl.
1321 4121 1365 4170 per

253 4170 297 4203 ae:
306 4171 352 4205 eor.
369 4157 389 4208 f.
405 4161 492 4210 scilicet
503 4167 599 4213 eos-t
616 4166 649 4212 al.
658 4167 814 4215 medem-t
831 4165 863 4213 al.
877 4163 1046 4212 curuatas-s
1064 4161 1083 4210 f.
1092 4165 1174 4216 alites.
