<?xml version="1.0" encoding="UTF-8"?>
<!DOCTYPE html PUBLIC "-//W3C//DTD XHTML 1.0 Transitional//EN"
    "http://www.w3.org/TR/xhtml1/DTD/xhtml1-transitional.dtd">
<html xmlns="http://www.w3.org/1999/xhtml" xml:lang="en" lang="en">
 <head>
  <title>
</title>
<meta http-equiv="Content-Type" content="text/html;charset=utf-8" />
  <meta name='ocr-system' content='tesseract 3.04.00' />
  <meta name='ocr-capabilities' content='ocr_page ocr_carea ocr_par ocr_line ocrx_word'/>
</head>
<body>
  <div class='ocr_page' id='page_1' title='image "./mverriiflacciqu02flacgoog/mverriiflacciqu02flacgoog_0547.png"; bbox 0 0 2930 4870; ppageno 0'>
   <div class='ocr_carea' id='block_1_1' title="bbox 257 351 1014 416">
    <p class='ocr_par' dir='ltr' id='par_1_1' title="bbox 257 351 1014 416">
     <span class='ocr_line' id='line_1_1' title="bbox 257 351 1014 416; baseline -0.001 -3"><span class='ocrx_word' id='word_1_1' title='bbox 257 351 345 416; x_wconf 78' lang='lat' dir='ltr'><strong>rum</strong></span> <span class='ocrx_word' id='word_1_2' title='bbox 595 367 706 414; x_wconf 68' lang='lat' dir='ltr'><strong>summ</strong></span> <span class='ocrx_word' id='word_1_3' title='bbox 735 365 884 415; x_wconf 79' lang='lat' dir='ltr'><strong>runtrnu</strong></span> <span class='ocrx_word' id='word_1_4' title='bbox 912 365 1014 413; x_wconf 80' lang='lat' dir='ltr'><strong>resur</strong></span> 
     </span>
    </p>
   </div>
   <div class='ocr_carea' id='block_1_2' title="bbox 253 505 1345 1102">
    <p class='ocr_par' dir='ltr' id='par_1_2' title="bbox 254 505 1345 1002">
     <span class='ocr_line' id='line_1_2' title="bbox 255 505 1343 590; baseline -0.004 -18"><span class='ocrx_word' id='word_1_5' title='bbox 255 519 399 585; x_wconf 79' lang='lat' dir='ltr'><strong>utantur,</strong></span> <span class='ocrx_word' id='word_1_6' title='bbox 420 505 569 590; x_wconf 73' lang='lat' dir='ltr'><strong>promte</strong></span> <span class='ocrx_word' id='word_1_7' title='bbox 587 507 628 569; x_wconf 82' lang='lat' dir='ltr'><strong>uir</strong></span> <span class='ocrx_word' id='word_1_8' title='bbox 650 507 762 574; x_wconf 83' lang='lat' dir='ltr'><strong>eudem</strong></span> <span class='ocrx_word' id='word_1_9' title='bbox 780 505 882 573; x_wconf 78' lang='lat' dir='ltr'><strong>cauea</strong></span> <span class='ocrx_word' id='word_1_10' title='bbox 904 505 959 569; x_wconf 83' lang='lat' dir='ltr'><strong>itur</strong></span> <span class='ocrx_word' id='word_1_11' title='bbox 980 518 1024 570; x_wconf 80' lang='lat' dir='ltr'><strong>ert</strong></span> <span class='ocrx_word' id='word_1_12' title='bbox 1042 529 1063 571; x_wconf 88' lang='lat' dir='ltr'><strong>rr</strong></span> <span class='ocrx_word' id='word_1_13' title='bbox 1085 508 1228 572; x_wconf 79' lang='lat' dir='ltr'><strong>nubendo</strong></span> <span class='ocrx_word' id='word_1_14' title='bbox 1241 505 1343 571; x_wconf 64' lang='grc' dir='ltr'><em>ἄςκη-</em></span> 
     </span>
     <span class='ocr_line' id='line_1_3' title="bbox 255 607 1343 694; baseline 0.003 -21"><span class='ocrx_word' id='word_1_15' title='bbox 255 609 344 694; x_wconf 84' lang='lat' dir='ltr'><strong>tur)²</strong></span> <span class='ocrx_word' id='word_1_16' title='bbox 358 608 462 692; x_wconf 81' lang='lat' dir='ltr'><strong><em>aliqui</em></strong></span> <span class='ocrx_word' id='word_1_17' title='bbox 479 608 683 692; x_wconf 86' lang='lat' dir='ltr'><strong>appeliatum</strong></span> <span class='ocrx_word' id='word_1_18' title='bbox 699 629 757 672; x_wconf 78' lang='lat' dir='ltr'><strong>aar</strong></span> <span class='ocrx_word' id='word_1_19' title='bbox 771 608 900 672; x_wconf 77' lang='lat' dir='ltr'><strong>nulum:</strong></span> <span class='ocrx_word' id='word_1_20' title='bbox 915 631 968 673; x_wconf 81' lang='lat' dir='ltr'><strong>uec</strong></span> <span class='ocrx_word' id='word_1_21' title='bbox 981 607 1147 693; x_wconf 79' lang='lat' dir='ltr'><strong>defuerunt</strong></span> <span class='ocrx_word' id='word_1_22' title='bbox 1163 621 1276 676; x_wconf 79' lang='lat' dir='ltr'><strong>taurea</strong></span> <span class='ocrx_word' id='word_1_23' title='bbox 1291 615 1343 694; x_wconf 79' lang='lat' dir='ltr'><strong>qai</strong></span> 
     </span>
     <span class='ocr_line' id='line_1_4' title="bbox 254 709 1345 796; baseline -0.004 -18"><span class='ocrx_word' id='word_1_24' title='bbox 254 715 408 788; x_wconf 86' lang='lat' dir='ltr'><strong>dicerent,</strong></span> <span class='ocrx_word' id='word_1_25' title='bbox 423 710 465 774; x_wconf 77' lang='lat' dir='ltr'><strong>uic</strong></span> <span class='ocrx_word' id='word_1_26' title='bbox 479 709 679 794; x_wconf 81' lang='lat' dir='ltr'><strong>appeliatum,</strong></span> <span class='ocrx_word' id='word_1_27' title='bbox 703 710 745 773; x_wconf 87' lang='lat' dir='ltr'><strong>ud</strong></span> <span class='ocrx_word' id='word_1_28' title='bbox 769 731 803 774; x_wconf 84' lang='lat' dir='ltr'><strong>au</strong></span> <span class='ocrx_word' id='word_1_29' title='bbox 822 711 905 796; x_wconf 84' lang='lat' dir='ltr'><strong>quod</strong></span> <span class='ocrx_word' id='word_1_30' title='bbox 918 712 979 774; x_wconf 72' lang='lat' dir='ltr'><strong>viar</strong></span> <span class='ocrx_word' id='word_1_31' title='bbox 992 711 1101 794; x_wconf 71' lang='grc' dir='ltr'><strong><em>νύμφην</em></strong></span> <span class='ocrx_word' id='word_1_32' title='bbox 1118 709 1226 776; x_wconf 75' lang='lat' dir='ltr'><strong>Graci</strong></span> <span class='ocrx_word' id='word_1_33' title='bbox 1240 734 1345 776; x_wconf 82' lang='lat' dir='ltr'><strong>norum</strong></span> 
     </span>
     <span class='ocr_line' id='line_1_5' title="bbox 255 812 1345 898; baseline -0.002 -20"><span class='ocrx_word' id='word_1_34' title='bbox 255 826 383 898; x_wconf 83' lang='lat' dir='ltr'><strong>nuptum</strong></span> <span class='ocrx_word' id='word_1_35' title='bbox 410 823 538 875; x_wconf 82' lang='lat' dir='ltr'><strong>uacent:</strong></span> <span class='ocrx_word' id='word_1_36' title='bbox 567 813 625 876; x_wconf 82' lang='lat' dir='ltr'><strong>ulii</strong></span> <span class='ocrx_word' id='word_1_37' title='bbox 649 812 732 897; x_wconf 82' lang='lat' dir='ltr'><strong>quud</strong></span> <span class='ocrx_word' id='word_1_38' title='bbox 758 814 905 896; x_wconf 83' lang='lat' dir='ltr'><strong>appellat</strong></span> <span class='ocrx_word' id='word_1_39' title='bbox 928 834 1062 883; x_wconf 84' lang='lat' dir='ltr'><strong>uxorem</strong></span> <span class='ocrx_word' id='word_1_40' title='bbox 1090 816 1151 877; x_wconf 79' lang='lat' dir='ltr'><strong>mir</strong></span> <span class='ocrx_word' id='word_1_41' title='bbox 1180 813 1345 890; x_wconf 75' lang='lat' dir='ltr'><strong>Homerus,</strong></span> 
     </span>
     <span class='ocr_line' id='line_1_6' title="bbox 254 911 1341 1002; baseline -0.003 -21"><span class='ocrx_word' id='word_1_42' title='bbox 254 914 396 1002; x_wconf 79' lang='lat' dir='ltr'><strong>loquendi</strong></span> <span class='ocrx_word' id='word_1_43' title='bbox 418 911 555 1000; x_wconf 81' lang='lat' dir='ltr'><strong>quadum</strong></span> <span class='ocrx_word' id='word_1_44' title='bbox 574 915 817 991; x_wconf 81' lang='lat' dir='ltr'><strong>cousuetudine,</strong></span> <span class='ocrx_word' id='word_1_45' title='bbox 840 935 906 999; x_wconf 83' lang='lat' dir='ltr'><strong>qna</strong></span> <span class='ocrx_word' id='word_1_46' title='bbox 932 925 975 978; x_wconf 76' lang='lat' dir='ltr'><strong>eat</strong></span> <span class='ocrx_word' id='word_1_47' title='bbox 998 915 1129 1000; x_wconf 77' lang='lat' dir='ltr'><strong><em>amiqua</em></strong></span> <span class='ocrx_word' id='word_1_48' title='bbox 1153 912 1341 992; x_wconf 76' lang='lat' dir='ltr'><strong>Gracurnur,</strong></span> 
     </span>
    </p>

    <p class='ocr_par' dir='ltr' id='par_1_3' title="bbox 253 1005 1456 1120">
     <span class='ocr_line' id='line_1_7' title="bbox 253 1014 1342 1102; baseline -0.001 -21"><span class='ocrx_word' id='word_1_49' title='bbox 253 1039 321 1081; x_wconf 81' lang='lat' dir='ltr'><strong>cum</strong></span> <span class='ocrx_word' id='word_1_50' title='bbox 344 1017 410 1080; x_wconf 81' lang='lat' dir='ltr'><strong>ait.-</strong></span> <span class='ocrx_word' id='word_1_51' title='bbox 435 1018 466 1094; x_wconf 69' lang='grc' dir='ltr'><strong>ἐξ</strong></span> <span class='ocrx_word' id='word_1_52' title='bbox 489 1015 570 1092; x_wconf 66' lang='grc' dir='ltr'><strong><em>ἀπίης</em></strong></span> <span class='ocrx_word' id='word_1_53' title='bbox 598 1014 682 1100; x_wconf 73' lang='grc' dir='ltr'><strong><em>γαίης</em></strong></span> <span class='ocrx_word' id='word_1_54' title='bbox 708 1017 766 1079; x_wconf 74' lang='grc' dir='ltr'><strong>νυὸν</strong></span> <span class='ocrx_word' id='word_1_55' title='bbox 786 1019 887 1102; x_wconf 62' lang='grc' dir='ltr'><strong>ἀνδρῶν</strong></span> <span class='ocrx_word' id='word_1_56' title='bbox 908 1015 1092 1102; x_wconf 71' lang='grc' dir='ltr'><strong>αἰχμητάων.</strong></span> <span class='ocrx_word' id='word_1_57' title='bbox 1136 1016 1296 1093; x_wconf 71' lang='lat' dir='ltr'><strong>Namare,</strong></span> <span class='ocrx_word' id='word_1_58' title='bbox 1316 1029 1342 1080; x_wconf 77' lang='lat' dir='ltr'><strong>ti</strong></span> 
     </span>
    </p>
   </div>
   <div class='ocr_carea' id='block_1_3' title="bbox 239 1116 1462 3634">
    <p class='ocr_par' dir='ltr' id='par_1_4' title="bbox 239 1116 1462 3634">
     <span class='ocr_line' id='line_1_8' title="bbox 253 1116 1457 1204; baseline -0.003 -18"><span class='ocrx_word' id='word_1_59' title='bbox 253 1116 398 1186; x_wconf 59' lang='lat' dir='ltr'><strong>numeru*</strong></span> <span class='ocrx_word' id='word_1_60' title='bbox 413 1117 539 1194; x_wconf 83' lang='lat' dir='ltr'><strong>dicitur,</strong></span> <span class='ocrx_word' id='word_1_61' title='bbox 551 1116 603 1180; x_wconf 78' lang='lat' dir='ltr'><strong>red</strong></span> <span class='ocrx_word' id='word_1_62' title='bbox 612 1119 961 1196; x_wconf 72' lang='lat' dir='ltr'><strong>numerosum,vidutiir</strong></span> <span class='ocrx_word' id='word_1_63' title='bbox 975 1139 1053 1184; x_wconf 82' lang='lat' dir='ltr'><strong>esua</strong></span> <span class='ocrx_word' id='word_1_64' title='bbox 1061 1117 1220 1204; x_wconf 71' lang='lat' dir='ltr'><strong>presentis</strong></span> <span class='ocrx_word' id='word_1_65' title='bbox 1235 1127 1343 1202; x_wconf 79' lang='lat' dir='ltr'><strong>tempu·</strong></span> <span class='ocrx_word' id='word_1_66' title='bbox 1454 1121 1457 1147; x_wconf 50' lang='lat' dir='ltr'><strong>i</strong></span> 
     </span>
     <span class='ocr_line' id='line_1_9' title="bbox 252 1216 1457 1306; baseline -0.003 -20"><span class='ocrx_word' id='word_1_67' title='bbox 252 1223 305 1300; x_wconf 77' lang='lat' dir='ltr'><strong>m&#39;a,</strong></span> <span class='ocrx_word' id='word_1_68' title='bbox 332 1231 362 1286; x_wconf 90' lang='lat' dir='ltr'><strong>et</strong></span> <span class='ocrx_word' id='word_1_69' title='bbox 382 1240 510 1302; x_wconf 79' lang='lat' dir='ltr'><strong>prorsus</strong></span> <span class='ocrx_word' id='word_1_70' title='bbox 533 1217 670 1284; x_wconf 82' lang='lat' dir='ltr'><strong>alienum</strong></span> <span class='ocrx_word' id='word_1_71' title='bbox 698 1239 836 1285; x_wconf 89' lang='lat' dir='ltr'><strong>numeru</strong></span> <span class='ocrx_word' id='word_1_72' title='bbox 859 1222 996 1300; x_wconf 80' lang='lat' dir='ltr'><strong>suerunt,</strong></span> <span class='ocrx_word' id='word_1_73' title='bbox 1020 1219 1103 1306; x_wconf 83' lang='lat' dir='ltr'><strong>quud</strong></span> <span class='ocrx_word' id='word_1_74' title='bbox 1126 1219 1164 1284; x_wconf 80' lang='lat' dir='ltr'><strong>de</strong></span> <span class='ocrx_word' id='word_1_75' title='bbox 1187 1219 1343 1303; x_wconf 69' lang='lat' dir='ltr'><strong>preterita</strong></span> <span class='ocrx_word' id='word_1_76' title='bbox 1455 1216 1457 1306; x_wconf 67' lang='lat' dir='ltr'>j</span> 
     </span>
     <span class='ocr_line' id='line_1_10' title="bbox 250 1313 1459 1407; baseline -0.006 -21"><span class='ocrx_word' id='word_1_77' title='bbox 250 1331 433 1406; x_wconf 69' lang='lat' dir='ltr'><strong>usurpatur,</strong></span> <span class='ocrx_word' id='word_1_78' title='bbox 448 1313 510 1384; x_wconf 81' lang='lat' dir='ltr'><strong>niue</strong></span> <span class='ocrx_word' id='word_1_79' title='bbox 524 1340 565 1384; x_wconf 87' lang='lat' dir='ltr'><strong>eu</strong></span> <span class='ocrx_word' id='word_1_80' title='bbox 581 1321 695 1384; x_wconf 87' lang='lat' dir='ltr'><strong>urdine</strong></span> <span class='ocrx_word' id='word_1_81' title='bbox 716 1330 909 1404; x_wconf 85' lang='lat' dir='ltr'><strong>usurparunt</strong></span> <span class='ocrx_word' id='word_1_82' title='bbox 932 1321 1055 1407; x_wconf 77' lang='lat' dir='ltr'><strong><em>antiqui</em></strong></span> <span class='ocrx_word' id='word_1_83' title='bbox 1069 1320 1206 1406; x_wconf 82' lang='lat' dir='ltr'><strong>quadum</strong></span> <span class='ocrx_word' id='word_1_84' title='bbox 1222 1340 1343 1384; x_wconf 80' lang='lat' dir='ltr'><strong>conane·</strong></span> <span class='ocrx_word' id='word_1_85' title='bbox 1455 1321 1459 1379; x_wconf 73' lang='grc' dir='ltr'>ζ</span> 
     </span>
     <span class='ocr_line' id='line_1_11' title="bbox 250 1421 1457 1510; baseline -0.007 -19"><span class='ocrx_word' id='word_1_86' title='bbox 250 1427 364 1492; x_wconf 84' lang='lat' dir='ltr'><strong>tudina</strong></span> <span class='ocrx_word' id='word_1_87' title='bbox 385 1425 554 1510; x_wconf 83' lang='lat' dir='ltr'><strong>loquendi,</strong></span> <span class='ocrx_word' id='word_1_88' title='bbox 574 1446 637 1508; x_wconf 83' lang='lat' dir='ltr'><strong>qua</strong></span> <span class='ocrx_word' id='word_1_89' title='bbox 657 1422 793 1486; x_wconf 74' lang='lat' dir='ltr'><strong>solemma</strong></span> <span class='ocrx_word' id='word_1_90' title='bbox 807 1422 1057 1509; x_wconf 67' lang='lat' dir='ltr'><strong>prrfferrruerdu</strong></span> <span class='ocrx_word' id='word_1_91' title='bbox 1070 1421 1259 1507; x_wconf 82' lang='lat' dir='ltr'><strong>ejusmodi:</strong></span> <span class='ocrx_word' id='word_1_92' title='bbox 1274 1423 1343 1486; x_wconf 83' lang='lat' dir='ltr'><strong>siva</strong></span> <span class='ocrx_word' id='word_1_93' title='bbox 1454 1458 1457 1471; x_wconf 67' lang='grc' dir='ltr'>ι</span> 
     </span>
     <span class='ocr_line' id='line_1_12' title="bbox 249 1508 1462 1612; baseline -0.006 -20"><span class='ocrx_word' id='word_1_94' title='bbox 249 1525 404 1612; x_wconf 82' lang='lat' dir='ltr'><strong>certafirre</strong></span> <span class='ocrx_word' id='word_1_95' title='bbox 417 1537 622 1590; x_wconf 78' lang='lat' dir='ltr'><strong>extremarum</strong></span> <span class='ocrx_word' id='word_1_96' title='bbox 633 1525 800 1603; x_wconf 79' lang='lat' dir='ltr'><strong>uomitum,</strong></span> <span class='ocrx_word' id='word_1_97' title='bbox 815 1526 1091 1609; x_wconf 67' lang='lat' dir='ltr'><strong>quemadmodum</strong></span> <span class='ocrx_word' id='word_1_98' title='bbox 1105 1521 1232 1588; x_wconf 79' lang='lat' dir='ltr'><strong>uidetur</strong></span> <span class='ocrx_word' id='word_1_99' title='bbox 1241 1523 1341 1588; x_wconf 71' lang='lat' dir='ltr'><strong>inrui·</strong></span> <span class='ocrx_word' id='word_1_100' title='bbox 1454 1508 1462 1573; x_wconf 64' lang='lat'><strong>&#39;4</strong></span> 
     </span>
     <span class='ocr_line' id='line_1_13' title="bbox 248 1627 1340 1712; baseline -0.004 -19"><span class='ocrx_word' id='word_1_101' title='bbox 248 1629 370 1712; x_wconf 73' lang='lat' dir='ltr'><strong>scriptis</strong></span> <span class='ocrx_word' id='word_1_102' title='bbox 384 1647 468 1692; x_wconf 82' lang='lat' dir='ltr'><strong>nsua</strong></span> <span class='ocrx_word' id='word_1_103' title='bbox 485 1627 669 1710; x_wconf 83' lang='lat' dir='ltr'><strong>Pompeius</strong></span> <span class='ocrx_word' id='word_1_104' title='bbox 685 1627 812 1700; x_wconf 79' lang='lat' dir='ltr'><strong>Sextus,</strong></span> <span class='ocrx_word' id='word_1_105' title='bbox 833 1628 921 1711; x_wconf 81' lang='lat' dir='ltr'><strong>apud</strong></span> <span class='ocrx_word' id='word_1_106' title='bbox 932 1649 1020 1712; x_wconf 83' lang='lat' dir='ltr'><strong>quem</strong></span> <span class='ocrx_word' id='word_1_107' title='bbox 1035 1627 1191 1710; x_wconf 78' lang='lat' dir='ltr'><strong>reperitur</strong></span> <span class='ocrx_word' id='word_1_108' title='bbox 1205 1636 1340 1690; x_wconf 72' lang='lat' dir='ltr'><strong>utrumn</strong></span> 
     </span>
     <span class='ocr_line' id='line_1_14' title="bbox 249 1714 1459 1814; baseline -0.005 -20"><span class='ocrx_word' id='word_1_109' title='bbox 249 1730 382 1814; x_wconf 75' lang='lat' dir='ltr'><strong>syllaba</strong></span> <span class='ocrx_word' id='word_1_110' title='bbox 395 1727 543 1794; x_wconf 83' lang='lat' dir='ltr'><strong>vocativi</strong></span> <span class='ocrx_word' id='word_1_111' title='bbox 557 1749 643 1792; x_wconf 81' lang='lat' dir='ltr'><strong>cusas</strong></span> <span class='ocrx_word' id='word_1_112' title='bbox 652 1727 820 1810; x_wconf 85' lang='lat' dir='ltr'><strong>prodacta,</strong></span> <span class='ocrx_word' id='word_1_113' title='bbox 837 1740 865 1793; x_wconf 86' lang='lat' dir='ltr'><strong>et</strong></span> <span class='ocrx_word' id='word_1_114' title='bbox 881 1727 1015 1813; x_wconf 61' lang='lat' dir='ltr'><strong>quadem</strong></span> <span class='ocrx_word' id='word_1_115' title='bbox 1028 1747 1129 1794; x_wconf 75' lang='lat' dir='ltr'><strong>casus</strong></span> <span class='ocrx_word' id='word_1_116' title='bbox 1140 1728 1257 1792; x_wconf 79' lang='lat' dir='ltr'><strong>eadem</strong></span> <span class='ocrx_word' id='word_1_117' title='bbox 1270 1745 1339 1790; x_wconf 72' lang='lat' dir='ltr'><strong>uun</strong></span> <span class='ocrx_word' id='word_1_118' title='bbox 1458 1714 1459 1718; x_wconf 28' lang='lat'>¹</span> 
     </span>
     <span class='ocr_line' id='line_1_15' title="bbox 247 1825 1338 1914; baseline -0.003 -23"><span class='ocrx_word' id='word_1_119' title='bbox 247 1840 348 1914; x_wconf 79' lang='lat' dir='ltr'><strong>repta,</strong></span> <span class='ocrx_word' id='word_1_120' title='bbox 364 1828 588 1914; x_wconf 75' lang='lat' dir='ltr'><strong>laminamque</strong></span> <span class='ocrx_word' id='word_1_121' title='bbox 598 1830 631 1891; x_wconf 84' lang='lat' dir='ltr'><strong>in</strong></span> <span class='ocrx_word' id='word_1_122' title='bbox 646 1849 676 1908; x_wconf 89' lang='lat' dir='ltr'><strong>e,</strong></span> <span class='ocrx_word' id='word_1_123' title='bbox 694 1831 852 1912; x_wconf 80' lang='lat' dir='ltr'><strong>temporie</strong></span> <span class='ocrx_word' id='word_1_124' title='bbox 866 1831 1054 1912; x_wconf 81' lang='lat' dir='ltr'><strong>praesentia.</strong></span> <span class='ocrx_word' id='word_1_125' title='bbox 1085 1825 1227 1892; x_wconf 82' lang='lat' dir='ltr'><strong>Numera</strong></span> <span class='ocrx_word' id='word_1_126' title='bbox 1241 1837 1338 1890; x_wconf 80' lang='lat' dir='ltr'><strong>antem</strong></span> 
     </span>
     <span class='ocr_line' id='line_1_16' title="bbox 247 1929 1338 2016; baseline -0.005 -19"><span class='ocrx_word' id='word_1_127' title='bbox 247 1932 357 1996; x_wconf 67' lang='lat' dir='ltr'><strong>dianae</strong></span> <span class='ocrx_word' id='word_1_128' title='bbox 372 1934 538 2016; x_wconf 83' lang='lat' dir='ltr'><strong>antiquus,</strong></span> <span class='ocrx_word' id='word_1_129' title='bbox 553 1933 690 1995; x_wconf 88' lang='lat' dir='ltr'><strong>nimium</strong></span> <span class='ocrx_word' id='word_1_130' title='bbox 706 1929 979 2016; x_wconf 76' lang='lat' dir='ltr'><strong>quodsignr&#39;fimm,</strong></span> <span class='ocrx_word' id='word_1_131' title='bbox 990 1930 1036 1994; x_wconf 82' lang='lat' dir='ltr'><strong>nit</strong></span> <span class='ocrx_word' id='word_1_132' title='bbox 1046 1931 1186 1996; x_wconf 75' lang='lat' dir='ltr'><strong>Sinnius</strong></span> <span class='ocrx_word' id='word_1_133' title='bbox 1200 1929 1338 2012; x_wconf 68' lang='lat' dir='ltr'><strong>captim</strong></span> 
     </span>
     <span class='ocr_line' id='line_1_17' title="bbox 247 2029 1338 2098; baseline -0.005 0"><span class='ocrx_word' id='word_1_134' title='bbox 247 2054 324 2098; x_wconf 80' lang='lat' dir='ltr'><strong>esse</strong></span> <span class='ocrx_word' id='word_1_135' title='bbox 339 2034 427 2097; x_wconf 84' lang='lat' dir='ltr'><strong>enim</strong></span> <span class='ocrx_word' id='word_1_136' title='bbox 442 2033 485 2096; x_wconf 78' lang='lat' dir='ltr'><strong>ira</strong></span> <span class='ocrx_word' id='word_1_137' title='bbox 502 2030 635 2095; x_wconf 80' lang='lat' dir='ltr'><strong>incretum</strong></span> <span class='ocrx_word' id='word_1_138' title='bbox 738 2075 747 2091; x_wconf 92' lang='lat'><strong>.</strong></span> <span class='ocrx_word' id='word_1_139' title='bbox 855 2076 863 2093; x_wconf 90' lang='lat'><strong>.</strong></span> <span class='ocrx_word' id='word_1_140' title='bbox 973 2036 1013 2095; x_wconf 81' lang='lat' dir='ltr'><strong>ir:</strong></span> <span class='ocrx_word' id='word_1_141' title='bbox 1029 2049 1091 2096; x_wconf 86' lang='lat' dir='ltr'><strong>vos</strong></span> <span class='ocrx_word' id='word_1_142' title='bbox 1108 2032 1194 2096; x_wconf 79' lang='lat' dir='ltr'><strong>estis</strong></span> <span class='ocrx_word' id='word_1_143' title='bbox 1208 2029 1338 2094; x_wconf 86' lang='lat' dir='ltr'><strong>minime</strong></span> 
     </span>
     <span class='ocr_line' id='line_1_18' title="bbox 347 2129 1338 2216; baseline -0.006 -18"><span class='ocrx_word' id='word_1_144' title='bbox 347 2179 354 2198; x_wconf 90' lang='lat'><strong><em>.</em></strong></span> <span class='ocrx_word' id='word_1_145' title='bbox 444 2133 505 2198; x_wconf 81' lang='lat' dir='ltr'><strong>nin&#39;</strong></span> <span class='ocrx_word' id='word_1_146' title='bbox 523 2153 653 2198; x_wconf 85' lang='lat' dir='ltr'><strong>numeru</strong></span> <span class='ocrx_word' id='word_1_147' title='bbox 667 2133 875 2216; x_wconf 83' lang='lat' dir='ltr'><strong>perbiterint,</strong></span> <span class='ocrx_word' id='word_1_148' title='bbox 892 2131 957 2195; x_wconf 83' lang='lat' dir='ltr'><strong>nisi</strong></span> <span class='ocrx_word' id='word_1_149' title='bbox 972 2133 1040 2196; x_wconf 87' lang='lat' dir='ltr'><strong>citu</strong></span> <span class='ocrx_word' id='word_1_150' title='bbox 1129 2173 1137 2192; x_wconf 88' lang='lat'><strong>.</strong></span> <span class='ocrx_word' id='word_1_151' title='bbox 1229 2177 1237 2193; x_wconf 92' lang='lat'><strong>.</strong></span> <span class='ocrx_word' id='word_1_152' title='bbox 1305 2129 1338 2192; x_wconf 77' lang='lat' dir='ltr'><strong>id</strong></span> 
     </span>
     <span class='ocr_line' id='line_1_19' title="bbox 246 2233 1337 2318; baseline -0.004 -18"><span class='ocrx_word' id='word_1_153' title='bbox 246 2245 301 2315; x_wconf 83' lang='lat' dir='ltr'><strong>ert,</strong></span> <span class='ocrx_word' id='word_1_154' title='bbox 307 2237 442 2302; x_wconf 82' lang='lat' dir='ltr'><strong>nimium</strong></span> <span class='ocrx_word' id='word_1_155' title='bbox 456 2237 485 2300; x_wconf 85' lang='lat' dir='ltr'><strong>si</strong></span> <span class='ocrx_word' id='word_1_156' title='bbox 501 2236 662 2318; x_wconf 72' lang='lat' dir='ltr'><strong>isso,³qui</strong></span> <span class='ocrx_word' id='word_1_157' title='bbox 675 2253 790 2298; x_wconf 80' lang='lat' dir='ltr'><strong>exeam</strong></span> <span class='ocrx_word' id='word_1_158' title='bbox 802 2234 870 2317; x_wconf 76' lang='lat'><strong>[20]</strong></span> <span class='ocrx_word' id='word_1_159' title='bbox 881 2253 1017 2298; x_wconf 89' lang='lat' dir='ltr'><strong>numeru</strong></span> <span class='ocrx_word' id='word_1_160' title='bbox 1031 2233 1114 2296; x_wconf 79' lang='lat' dir='ltr'><strong>estis</strong></span> <span class='ocrx_word' id='word_1_161' title='bbox 1130 2234 1265 2309; x_wconf 85' lang='lat' dir='ltr'><strong>mortui,</strong></span> <span class='ocrx_word' id='word_1_162' title='bbox 1278 2233 1337 2296; x_wconf 80' lang='lat' dir='ltr'><strong>noa</strong></span> 
     </span>
     <span class='ocr_line' id='line_1_20' title="bbox 245 2334 1338 2420; baseline -0.004 -20"><span class='ocrx_word' id='word_1_163' title='bbox 245 2339 411 2420; x_wconf 81' lang='lat' dir='ltr'><strong>exemplu,</strong></span> <span class='ocrx_word' id='word_1_164' title='bbox 426 2344 461 2401; x_wconf 89' lang='lat' dir='ltr'><strong>ut</strong></span> <span class='ocrx_word' id='word_1_165' title='bbox 475 2337 663 2420; x_wconf 79' lang='lat' dir='ltr'><strong>pingeretis,</strong></span> <span class='ocrx_word' id='word_1_166' title='bbox 681 2334 715 2399; x_wconf 92' lang='lat' dir='ltr'><strong>id</strong></span> <span class='ocrx_word' id='word_1_167' title='bbox 731 2343 794 2412; x_wconf 85' lang='lat' dir='ltr'><strong>ast,</strong></span> <span class='ocrx_word' id='word_1_168' title='bbox 810 2355 869 2399; x_wconf 86' lang='lat' dir='ltr'><strong>cur</strong></span> <span class='ocrx_word' id='word_1_169' title='bbox 883 2337 951 2399; x_wconf 87' lang='lat' dir='ltr'><strong>cito</strong></span> <span class='ocrx_word' id='word_1_170' title='bbox 963 2336 1082 2399; x_wconf 83' lang='lat' dir='ltr'><strong>mortui</strong></span> <span class='ocrx_word' id='word_1_171' title='bbox 1098 2335 1209 2400; x_wconf 69' lang='lat' dir='ltr'><strong>aeusi</strong></span> <span class='ocrx_word' id='word_1_172' title='bbox 1240 2334 1338 2397; x_wconf 60' lang='lat' dir='ltr'><strong>‘item</strong></span> 
     </span>
     <span class='ocr_line' id='line_1_21' title="bbox 242 2435 1338 2520; baseline -0.002 -20"><span class='ocrx_word' id='word_1_173' title='bbox 242 2437 277 2500; x_wconf 91' lang='lat' dir='ltr'><strong>iu</strong></span> <span class='ocrx_word' id='word_1_174' title='bbox 291 2437 401 2502; x_wconf 78' lang='lat' dir='ltr'><strong>Nelei.</strong></span> <span class='ocrx_word' id='word_1_175' title='bbox 435 2438 616 2520; x_wconf 82' lang='lat' dir='ltr'><strong>Nunquam</strong></span> <span class='ocrx_word' id='word_1_176' title='bbox 631 2455 768 2518; x_wconf 82' lang='lat' dir='ltr'><strong>numeru</strong></span> <span class='ocrx_word' id='word_1_177' title='bbox 782 2438 881 2501; x_wconf 84' lang='lat' dir='ltr'><strong>matri</strong></span> <span class='ocrx_word' id='word_1_178' title='bbox 896 2438 1057 2502; x_wconf 81' lang='lat' dir='ltr'><strong>faciemus</strong></span> <span class='ocrx_word' id='word_1_179' title='bbox 1072 2437 1194 2500; x_wconf 83' lang='lat' dir='ltr'><strong>volui.⁴</strong></span> <span class='ocrx_word' id='word_1_180' title='bbox 1226 2435 1338 2499; x_wconf 69' lang='lat' dir='ltr'><strong>idem⁵</strong></span> 
     </span>
     <span class='ocr_line' id='line_1_22' title="bbox 243 2536 1341 2624; baseline 0.001 -24"><span class='ocrx_word' id='word_1_181' title='bbox 243 2543 304 2616; x_wconf 82' lang='lat' dir='ltr'><strong>asi,</strong></span> <span class='ocrx_word' id='word_1_182' title='bbox 319 2557 487 2621; x_wconf 88' lang='lat' dir='ltr'><strong>uunquam</strong></span> <span class='ocrx_word' id='word_1_183' title='bbox 508 2540 644 2601; x_wconf 90' lang='lat' dir='ltr'><strong>nimium</strong></span> <span class='ocrx_word' id='word_1_184' title='bbox 668 2537 842 2603; x_wconf 84' lang='lat' dir='ltr'><strong>faciemus.</strong></span> <span class='ocrx_word' id='word_1_185' title='bbox 884 2537 989 2624; x_wconf 86' lang='lat' dir='ltr'><strong>Apud</strong></span> <span class='ocrx_word' id='word_1_186' title='bbox 1011 2539 1179 2604; x_wconf 81' lang='lat' dir='ltr'><strong>Naevium.</strong></span> <span class='ocrx_word' id='word_1_187' title='bbox 1226 2536 1341 2602; x_wconf 85' lang='lat' dir='ltr'><strong>Nemi·</strong></span> 
     </span>
     <span class='ocr_line' id='line_1_23' title="bbox 242 2635 1340 2722; baseline -0.001 -22"><span class='ocrx_word' id='word_1_188' title='bbox 242 2655 317 2700; x_wconf 87' lang='lat' dir='ltr'><strong>uem</strong></span> <span class='ocrx_word' id='word_1_189' title='bbox 345 2638 425 2714; x_wconf 81' lang='lat' dir='ltr'><strong>vidi,</strong></span> <span class='ocrx_word' id='word_1_190' title='bbox 449 2638 505 2720; x_wconf 91' lang='lat' dir='ltr'><strong>qui</strong></span> <span class='ocrx_word' id='word_1_191' title='bbox 527 2657 663 2702; x_wconf 88' lang='lat' dir='ltr'><strong>numero</strong></span> <span class='ocrx_word' id='word_1_192' title='bbox 685 2640 792 2714; x_wconf 85' lang='lat' dir='ltr'><strong>sciret,</strong></span> <span class='ocrx_word' id='word_1_193' title='bbox 816 2640 940 2722; x_wconf 88' lang='lat' dir='ltr'><strong>quique</strong></span> <span class='ocrx_word' id='word_1_194' title='bbox 962 2641 1039 2716; x_wconf 86' lang='lat' dir='ltr'><strong>scit,</strong></span> <span class='ocrx_word' id='word_1_195' title='bbox 1058 2639 1092 2702; x_wconf 93' lang='lat' dir='ltr'><strong>id</strong></span> <span class='ocrx_word' id='word_1_196' title='bbox 1109 2646 1171 2716; x_wconf 84' lang='lat' dir='ltr'><strong>est,</strong></span> <span class='ocrx_word' id='word_1_197' title='bbox 1188 2655 1285 2722; x_wconf 82' lang='lat' dir='ltr'><strong>opus,</strong></span> <span class='ocrx_word' id='word_1_198' title='bbox 1302 2635 1340 2700; x_wconf 90' lang='lat' dir='ltr'><strong>id</strong></span> 
     </span>
     <span class='ocr_line' id='line_1_24' title="bbox 242 2737 1344 2822; baseline 0 -20"><span class='ocrx_word' id='word_1_199' title='bbox 242 2745 306 2816; x_wconf 86' lang='lat' dir='ltr'><strong>ast,</strong></span> <span class='ocrx_word' id='word_1_200' title='bbox 321 2740 458 2804; x_wconf 89' lang='lat' dir='ltr'><strong>nimium</strong></span> <span class='ocrx_word' id='word_1_201' title='bbox 476 2741 586 2802; x_wconf 80' lang='lat' dir='ltr'><strong>sciret.</strong></span> <span class='ocrx_word' id='word_1_202' title='bbox 630 2737 685 2802; x_wconf 81' lang='lat' dir='ltr'><strong>An</strong></span> <span class='ocrx_word' id='word_1_203' title='bbox 701 2740 876 2822; x_wconf 80' lang='lat' dir='ltr'><strong>Panurgus</strong></span> <span class='ocrx_word' id='word_1_204' title='bbox 893 2740 1060 2806; x_wconf 84' lang='lat' dir='ltr'><strong>Antonius</strong></span> <span class='ocrx_word' id='word_1_205' title='bbox 1075 2741 1150 2806; x_wconf 74' lang='lat' dir='ltr'><strong>hmc</strong></span> <span class='ocrx_word' id='word_1_206' title='bbox 1162 2742 1213 2806; x_wconf 84' lang='lat' dir='ltr'><strong>ait</strong></span> <span class='ocrx_word' id='word_1_207' title='bbox 1226 2757 1344 2802; x_wconf 79' lang='lat' dir='ltr'><strong>nume-</strong></span> 
     </span>
     <span class='ocr_line' id='line_1_25' title="bbox 242 2837 1344 2908; baseline -0.002 -4"><span class='ocrx_word' id='word_1_208' title='bbox 242 2859 279 2905; x_wconf 92' lang='lat' dir='ltr'><strong>ru</strong></span> <span class='ocrx_word' id='word_1_209' title='bbox 293 2841 431 2904; x_wconf 90' lang='lat' dir='ltr'><strong>nimium</strong></span> <span class='ocrx_word' id='word_1_210' title='bbox 448 2841 542 2904; x_wconf 83' lang='lat' dir='ltr'><strong>citui</strong></span> <span class='ocrx_word' id='word_1_211' title='bbox 568 2839 718 2905; x_wconf 77' lang='lat' dir='ltr'><strong>celeriter</strong></span> <span class='ocrx_word' id='word_1_212' title='bbox 737 2843 895 2906; x_wconf 76' lang='lat' dir='ltr'><strong>nimiunn:</strong></span> <span class='ocrx_word' id='word_1_213' title='bbox 922 2851 960 2906; x_wconf 86' lang='lat' dir='ltr'><strong>ui</strong></span> <span class='ocrx_word' id='word_1_214' title='bbox 980 2843 1124 2908; x_wconf 80' lang='lat' dir='ltr'><strong>Planius</strong></span> <span class='ocrx_word' id='word_1_215' title='bbox 1140 2843 1176 2905; x_wconf 93' lang='lat' dir='ltr'><strong>in</strong></span> <span class='ocrx_word' id='word_1_216' title='bbox 1192 2837 1344 2904; x_wconf 77' lang='lat' dir='ltr'><strong>Carina:</strong></span> 
     </span>
     <span class='ocr_line' id='line_1_26' title="bbox 242 2941 1346 3026; baseline -0.003 -19"><span class='ocrx_word' id='word_1_217' title='bbox 242 2943 305 3008; x_wconf 85' lang='lat' dir='ltr'><strong>Ere</strong></span> <span class='ocrx_word' id='word_1_218' title='bbox 326 2943 397 3006; x_wconf 84' lang='lat' dir='ltr'><strong>mii</strong></span> <span class='ocrx_word' id='word_1_219' title='bbox 421 2941 502 3024; x_wconf 91' lang='lat' dir='ltr'><strong>quid</strong></span> <span class='ocrx_word' id='word_1_220' title='bbox 524 2943 587 3016; x_wconf 84' lang='lat' dir='ltr'><strong>vis,</strong></span> <span class='ocrx_word' id='word_1_221' title='bbox 608 2959 682 3004; x_wconf 84' lang='lat' dir='ltr'><strong>mea</strong></span> <span class='ocrx_word' id='word_1_222' title='bbox 712 2942 858 3006; x_wconf 86' lang='lat' dir='ltr'><strong>aneillai</strong></span> <span class='ocrx_word' id='word_1_223' title='bbox 882 2944 1020 3007; x_wconf 83' lang='lat' dir='ltr'><strong>nimium</strong></span> <span class='ocrx_word' id='word_1_224' title='bbox 1046 2944 1176 3026; x_wconf 80' lang='lat' dir='ltr'><strong>smpius</strong></span> <span class='ocrx_word' id='word_1_225' title='bbox 1202 2961 1346 3005; x_wconf 78' lang='lat' dir='ltr'><strong>numeru</strong></span> 
     </span>
     <span class='ocr_line' id='line_1_27' title="bbox 241 3041 1353 3127; baseline 0 -19"><span class='ocrx_word' id='word_1_226' title='bbox 241 3045 338 3122; x_wconf 82' lang='lat' dir='ltr'><strong>diuis,</strong></span> <span class='ocrx_word' id='word_1_227' title='bbox 366 3044 501 3107; x_wconf 88' lang='lat' dir='ltr'><strong>nimium</strong></span> <span class='ocrx_word' id='word_1_228' title='bbox 525 3043 603 3107; x_wconf 89' lang='lat' dir='ltr'><strong>cito.</strong></span> <span class='ocrx_word' id='word_1_229' title='bbox 647 3041 759 3106; x_wconf 82' lang='lat' dir='ltr'><strong>Attius</strong></span> <span class='ocrx_word' id='word_1_230' title='bbox 788 3045 821 3106; x_wconf 91' lang='lat' dir='ltr'><strong>in</strong></span> <span class='ocrx_word' id='word_1_231' title='bbox 849 3043 1039 3110; x_wconf 82' lang='lat' dir='ltr'><strong>OEnumau:</strong></span> <span class='ocrx_word' id='word_1_232' title='bbox 1071 3045 1144 3127; x_wconf 82' lang='lat' dir='ltr'><strong>Ego</strong></span> <span class='ocrx_word' id='word_1_233' title='bbox 1169 3051 1353 3108; x_wconf 71' lang='lat' dir='ltr'><strong>atessam</strong></span> 
     </span>
     <span class='ocr_line' id='line_1_28' title="bbox 240 3143 1352 3229; baseline 0 -21"><span class='ocrx_word' id='word_1_234' title='bbox 240 3145 347 3208; x_wconf 87' lang='lat' dir='ltr'><strong>affinis</strong></span> <span class='ocrx_word' id='word_1_235' title='bbox 362 3144 435 3220; x_wconf 89' lang='lat' dir='ltr'><strong>tibi,</strong></span> <span class='ocrx_word' id='word_1_236' title='bbox 451 3163 515 3206; x_wconf 91' lang='lat' dir='ltr'><strong>non</strong></span> <span class='ocrx_word' id='word_1_237' title='bbox 531 3150 566 3206; x_wconf 84' lang='lat' dir='ltr'><strong>ut</strong></span> <span class='ocrx_word' id='word_1_238' title='bbox 580 3150 615 3206; x_wconf 84' lang='lat' dir='ltr'><strong>te</strong></span> <span class='ocrx_word' id='word_1_239' title='bbox 632 3143 871 3223; x_wconf 78' lang='lat' dir='ltr'><strong>extinguerem,</strong></span> <span class='ocrx_word' id='word_1_240' title='bbox 893 3152 984 3208; x_wconf 90' lang='lat' dir='ltr'><strong>tuam</strong></span> <span class='ocrx_word' id='word_1_241' title='bbox 1006 3146 1079 3229; x_wconf 85' lang='lat' dir='ltr'><strong>peti</strong></span> <span class='ocrx_word' id='word_1_242' title='bbox 1099 3153 1250 3226; x_wconf 83' lang='lat' dir='ltr'><strong>gnatam,</strong></span> <span class='ocrx_word' id='word_1_243' title='bbox 1281 3164 1352 3208; x_wconf 88' lang='lat' dir='ltr'><strong>nu·</strong></span> 
     </span>
     <span class='ocr_line' id='line_1_29' title="bbox 240 3243 1356 3330; baseline 0.003 -23"><span class='ocrx_word' id='word_1_244' title='bbox 240 3265 332 3309; x_wconf 87' lang='lat' dir='ltr'><strong>meru</strong></span> <span class='ocrx_word' id='word_1_245' title='bbox 345 3252 378 3309; x_wconf 87' lang='lat' dir='ltr'><strong>te</strong></span> <span class='ocrx_word' id='word_1_246' title='bbox 393 3252 558 3328; x_wconf 85' lang='lat' dir='ltr'><strong>expurget</strong></span> <span class='ocrx_word' id='word_1_247' title='bbox 572 3245 679 3309; x_wconf 82' lang='lat' dir='ltr'><strong>timor.</strong></span> <span class='ocrx_word' id='word_1_248' title='bbox 708 3243 871 3309; x_wconf 79' lang='lat' dir='ltr'><strong>Afranius</strong></span> <span class='ocrx_word' id='word_1_249' title='bbox 882 3248 915 3310; x_wconf 94' lang='lat' dir='ltr'><strong>in</strong></span> <span class='ocrx_word' id='word_1_250' title='bbox 931 3247 1119 3330; x_wconf 81' lang='lat' dir='ltr'><strong>Suspecta:</strong></span> <span class='ocrx_word' id='word_1_251' title='bbox 1134 3248 1202 3310; x_wconf 86' lang='lat' dir='ltr'><strong>Per</strong></span> <span class='ocrx_word' id='word_1_252' title='bbox 1215 3247 1356 3310; x_wconf 80' lang='lat' dir='ltr'><strong>salsum</strong></span> 
     </span>
     <span class='ocr_line' id='line_1_30' title="bbox 240 3345 1358 3413; baseline 0.003 -6"><span class='ocrx_word' id='word_1_253' title='bbox 240 3351 273 3408; x_wconf 87' lang='lat' dir='ltr'><strong>et</strong></span> <span class='ocrx_word' id='word_1_254' title='bbox 302 3347 397 3409; x_wconf 82' lang='lat' dir='ltr'><strong>absia</strong></span> <span class='ocrx_word' id='word_1_255' title='bbox 422 3345 581 3409; x_wconf 86' lang='lat' dir='ltr'><strong>creditum</strong></span> <span class='ocrx_word' id='word_1_256' title='bbox 608 3363 746 3408; x_wconf 89' lang='lat' dir='ltr'><strong>numero</strong></span> <span class='ocrx_word' id='word_1_257' title='bbox 770 3346 887 3410; x_wconf 88' lang='lat' dir='ltr'><strong>nimis:</strong></span> <span class='ocrx_word' id='word_1_258' title='bbox 911 3348 1072 3413; x_wconf 80' lang='lat' dir='ltr'><strong>celeriter.</strong></span> <span class='ocrx_word' id='word_1_259' title='bbox 1117 3347 1292 3412; x_wconf 77' lang='lat' dir='ltr'><strong>Gaeciiius</strong></span> <span class='ocrx_word' id='word_1_260' title='bbox 1320 3349 1358 3410; x_wconf 86' lang='lat' dir='ltr'><strong>iu</strong></span> 
     </span>
     <span class='ocr_line' id='line_1_31' title="bbox 240 3445 1363 3530; baseline 0.004 -24"><span class='ocrx_word' id='word_1_261' title='bbox 240 3445 396 3508; x_wconf 87' lang='lat' dir='ltr'><strong>AEthinue</strong></span> <span class='ocrx_word' id='word_1_262' title='bbox 407 3445 435 3510; x_wconf 89' lang='lat'><strong>:⁶</strong></span> <span class='ocrx_word' id='word_1_263' title='bbox 452 3446 492 3508; x_wconf 88' lang='lat' dir='ltr'><strong>Ei</strong></span> <span class='ocrx_word' id='word_1_264' title='bbox 510 3447 592 3530; x_wconf 88' lang='lat' dir='ltr'><strong>peri,</strong></span> <span class='ocrx_word' id='word_1_265' title='bbox 608 3445 689 3529; x_wconf 93' lang='lat' dir='ltr'><strong>quid</strong></span> <span class='ocrx_word' id='word_1_266' title='bbox 703 3447 778 3510; x_wconf 80' lang='lat' dir='ltr'><strong>itai</strong></span> <span class='ocrx_word' id='word_1_267' title='bbox 792 3465 948 3512; x_wconf 88' lang='lat' dir='ltr'><strong>numeru:</strong></span> <span class='ocrx_word' id='word_1_268' title='bbox 969 3450 1058 3513; x_wconf 83' lang='lat' dir='ltr'><strong>venit</strong></span> <span class='ocrx_word' id='word_1_269' title='bbox 1074 3449 1172 3512; x_wconf 78' lang='lat' dir='ltr'><strong>sucu⁷</strong></span> <span class='ocrx_word' id='word_1_270' title='bbox 1188 3450 1363 3514; x_wconf 80' lang='lat' dir='ltr'><strong>dumam.</strong></span> 
     </span>
     <span class='ocr_line' id='line_1_32' title="bbox 239 3544 1364 3634; baseline 0.007 -26"><span class='ocrx_word' id='word_1_271' title='bbox 239 3544 398 3610; x_wconf 79' lang='lat' dir='ltr'><strong>Afranius</strong></span> <span class='ocrx_word' id='word_1_272' title='bbox 413 3548 445 3610; x_wconf 93' lang='lat' dir='ltr'><strong>iu</strong></span> <span class='ocrx_word' id='word_1_273' title='bbox 462 3548 665 3612; x_wconf 79' lang='lat' dir='ltr'><strong>Simulante:</strong></span> <span class='ocrx_word' id='word_1_274' title='bbox 680 3546 730 3609; x_wconf 81' lang='lat' dir='ltr'><strong>E8</strong></span> <span class='ocrx_word' id='word_1_275' title='bbox 746 3547 870 3612; x_wconf 81' lang='lat' dir='ltr'><strong>misam</strong></span> <span class='ocrx_word' id='word_1_276' title='bbox 882 3564 1031 3628; x_wconf 87' lang='lat' dir='ltr'><strong>numero,</strong></span> <span class='ocrx_word' id='word_1_277' title='bbox 1042 3569 1083 3614; x_wconf 87' lang='lat' dir='ltr'><strong>ac</strong></span> <span class='ocrx_word' id='word_1_278' title='bbox 1095 3570 1138 3614; x_wconf 85' lang='lat' dir='ltr'><strong>ue</strong></span> <span class='ocrx_word' id='word_1_279' title='bbox 1150 3552 1364 3634; x_wconf 82' lang='lat' dir='ltr'><strong>quicquam</strong></span> 
     </span>
    </p>
   </div>
   <div class='ocr_carea' id='block_1_4' title="bbox 271 3854 1334 3924">
    <p class='ocr_par' dir='ltr' id='par_1_5' title="bbox 271 3854 1334 3924">
     <span class='ocr_line' id='line_1_33' title="bbox 271 3854 1334 3924; baseline 0.01 -20"><span class='ocrx_word' id='word_1_280' title='bbox 271 3861 287 3906; x_wconf 73' lang='lat'>2</span> <span class='ocrx_word' id='word_1_281' title='bbox 303 3855 390 3924; x_wconf 75' lang='lat'>().··8</span> <span class='ocrx_word' id='word_1_282' title='bbox 402 3854 420 3905; x_wconf 81' lang='lat' dir='ltr'><strong>f.</strong></span> <span class='ocrx_word' id='word_1_283' title='bbox 432 3857 535 3908; x_wconf 79' lang='lat' dir='ltr'><strong>cita-l</strong></span> <span class='ocrx_word' id='word_1_284' title='bbox 547 3855 565 3907; x_wconf 85' lang='lat' dir='ltr'><strong>i.</strong></span> <span class='ocrx_word' id='word_1_285' title='bbox 575 3859 698 3922; x_wconf 67' lang='lat' dir='ltr'><strong>auiam—5</strong></span> <span class='ocrx_word' id='word_1_286' title='bbox 710 3856 729 3908; x_wconf 81' lang='lat' dir='ltr'><strong>f.</strong></span> <span class='ocrx_word' id='word_1_287' title='bbox 741 3859 832 3909; x_wconf 83' lang='lat' dir='ltr'><strong>iri-ti.</strong></span> <span class='ocrx_word' id='word_1_288' title='bbox 844 3859 1052 3911; x_wconf 64' lang='lat' dir='ltr'><strong>minianu—t</strong></span> <span class='ocrx_word' id='word_1_289' title='bbox 1064 3860 1213 3924; x_wconf 56' lang='lat' dir='ltr'><strong>ism-*8</strong></span> <span class='ocrx_word' id='word_1_290' title='bbox 1237 3864 1267 3916; x_wconf 82' lang='lat' dir='ltr'><strong>f.</strong></span> <span class='ocrx_word' id='word_1_291' title='bbox 1281 3869 1334 3920; x_wconf 71' lang='lat' dir='ltr'><strong>fii.</strong></span> 
     </span>
    </p>
   </div>
   <div class='ocr_carea' id='block_1_5' title="bbox 731 4021 839 4074">
    <p class='ocr_par' dir='ltr' id='par_1_6' title="bbox 731 4021 839 4074">
     <span class='ocr_line' id='line_1_34' title="bbox 731 4021 839 4074; baseline 0.019 -2"><span class='ocrx_word' id='word_1_292' title='bbox 731 4021 839 4074; x_wconf 80' lang='lat' dir='ltr'>NOTAE</span> 
     </span>
    </p>
   </div>
   <div class='ocr_carea' id='block_1_6' title="bbox 239 4109 1381 4260">
    <p class='ocr_par' dir='ltr' id='par_1_7' title="bbox 239 4109 1381 4260">
     <span class='ocr_line' id='line_1_35' title="bbox 271 4109 1381 4200; baseline 0.006 -32"><span class='ocrx_word' id='word_1_293' title='bbox 271 4109 415 4198; x_wconf 56' lang='lat' dir='ltr'><strong>ilium]</strong></span> <span class='ocrx_word' id='word_1_294' title='bbox 435 4115 563 4178; x_wconf 75' lang='lat' dir='ltr'><strong>Turpiliae</strong></span> <span class='ocrx_word' id='word_1_295' title='bbox 584 4117 609 4166; x_wconf 86' lang='lat' dir='ltr'><strong>iu</strong></span> <span class='ocrx_word' id='word_1_296' title='bbox 629 4118 764 4168; x_wconf 77' lang='lat' dir='ltr'><strong>Demetrio</strong></span> <span class='ocrx_word' id='word_1_297' title='bbox 804 4133 876 4170; x_wconf 82' lang='lat' dir='ltr'><strong>meru</strong></span> <span class='ocrx_word' id='word_1_298' title='bbox 895 4133 1046 4185; x_wconf 77' lang='lat' dir='ltr'><strong>quemquam</strong></span> <span class='ocrx_word' id='word_1_299' title='bbox 1067 4119 1120 4171; x_wconf 78' lang='lat' dir='ltr'><strong>ridi</strong></span> <span class='ocrx_word' id='word_1_300' title='bbox 1138 4118 1268 4194; x_wconf 63' lang='lat' dir='ltr'><strong>iuuere,</strong></span> <span class='ocrx_word' id='word_1_301' title='bbox 1289 4145 1381 4200; x_wconf 66' lang='lat' dir='ltr'><strong>qun</strong></span> 
     </span>
     <span class='ocr_line' id='line_1_36' title="bbox 239 4184 1017 4260; baseline 0.023 -31"><span class='ocrx_word' id='word_1_302' title='bbox 239 4184 308 4243; x_wconf 75' lang='lat' dir='ltr'><strong>apud</strong></span> <span class='ocrx_word' id='word_1_303' title='bbox 320 4187 448 4235; x_wconf 72' lang='lat' dir='ltr'><strong>Nouium:</strong></span> <span class='ocrx_word' id='word_1_304' title='bbox 464 4191 473 4218; x_wconf 83' lang='lat'>⁸</span> <span class='ocrx_word' id='word_1_305' title='bbox 486 4192 624 4255; x_wconf 81' lang='lat' dir='ltr'><strong>Nunquam</strong></span> <span class='ocrx_word' id='word_1_306' title='bbox 634 4194 709 4242; x_wconf 78' lang='lat' dir='ltr'><strong>nimia</strong></span> <span class='ocrx_word' id='word_1_307' title='bbox 718 4209 762 4244; x_wconf 90' lang='lat' dir='ltr'><strong>nu·</strong></span> <span class='ocrx_word' id='word_1_308' title='bbox 803 4194 874 4246; x_wconf 78' lang='lat' dir='ltr'><strong>iaetu</strong></span> <span class='ocrx_word' id='word_1_309' title='bbox 885 4211 950 4260; x_wconf 79' lang='lat' dir='ltr'><strong>upnu</strong></span> <span class='ocrx_word' id='word_1_310' title='bbox 961 4193 1017 4246; x_wconf 74' lang='lat' dir='ltr'><strong>eru·</strong></span> 
     </span>
    </p>
   </div>
   <div class='ocr_carea' id='block_1_7' title="bbox 0 0 1470 4870">
    <p class='ocr_par' dir='ltr' id='par_1_8' title="bbox 0 0 1470 4870">
     <span class='ocr_line' id='line_1_37' title="bbox 0 0 1470 4870; baseline 0 5"><span class='ocrx_word' id='word_1_311' title='bbox 0 0 1470 4870; x_wconf 95' lang='lat' dir='ltr'><strong> </strong></span> 
     </span>
    </p>
   </div>
  </div>
 </body>
</html>
