2880 4862
255 291 320 362 880
591 309 705 362 suxur
731 309 883 360 rourun
901 309 1012 361 susm

298 452 587 520 consuetudinis¹4
606 472 667 537 per
690 473 793 518 unum
816 454 855 518 L.
878 453 1049 518 enunciari
1063 471 1133 518 oon
1146 450 1340 526 astruimur,
1422 519 1423 528 ,

299 558 379 640 quia
393 556 484 620 nulla
507 563 585 619 tuno
602 555 833 635 geminabatur
858 557 953 620 litora
976 557 1011 618 in
1029 553 1226 620 scribendo:
1248 572 1341 637 quam
1422 571 1423 620 l

299 657 577 723 consuetudinem
602 655 729 720 Ennius
753 657 935 721 mutavisse
950 657 1062 735 fertur,
1075 662 1194 739 utpote
1208 654 1341 719 Gruous
1422 655 1423 666 ²

300 760 422 825 Graeco
443 777 530 823 more
544 777 641 835 usus,
656 757 744 841 quod
762 758 813 821 illi
835 777 933 841 oeque
945 759 1128 823 scribentes
1142 777 1184 824 uu
1205 756 1342 839 legantes

299 862 516 946 duplicabant
529 867 638 924 mutas
653 868 683 922 et
698 858 907 922 Semiooculer
920 869 951 923 et
962 859 1106 944 liquidus.

258 963 462 1030 solitaurilia
475 963 656 1027 hostiarum
673 961 772 1025 trium
794 961 916 1027 divorsi
927 963 1059 1044 generis
1081 962 1198 1026 immo·
1214 959 1342 1044 [Pauo.

301 1066 458 1130 lationem
472 1063 667 1146 significant,
678 1063 776 1138 tauri,
791 1063 917 1140 arietis,
932 1063 1051 1126 verris:
1074 1061 1168 1144 quod
1184 1079 1297 1124 omnes
1311 1060 1341 1124 bi
1422 1089 1423 1112 r

301 1166 401 1233 solidi
416 1166 599 1248 integrique
612 1164 679 1228 sint
693 1165 854 1246 corporis.
898 1164 1028 1230 Sollunr
1050 1165 1137 1226 enirn
1156 1163 1267 1244 lingua
1283 1161 1345 1225 Os·

302 1287 414 1333 eorum
437 1266 601 1350 siguificat
622 1271 742 1341 totum,
765 1272 799 1329 et
817 1265 983 1330 solidum:
1010 1267 1097 1332 unde
1111 1265 1178 1330 tela
1197 1264 1344 1347 quaedam

303 1369 489 1434 solliferrea
502 1375 675 1444 vocantur,
688 1370 756 1430 totu
767 1367 881 1446 ferrea,
896 1369 1043 1433 ethome
1058 1369 1222 1432 bonarum
1236 1366 1344 1430 artium
1422 1399 1423 1452 l

303 1471 432 1548 sollers,
449 1476 483 1534 ot
492 1489 570 1554 quae
582 1467 677 1533 nulla
692 1472 787 1548 parte
801 1469 927 1549 laxata,
948 1489 1112 1554 cavaque,
1126 1468 1236 1534 solida
1247 1469 1346 1532 nurui·

302 1575 429 1635 uantur.
1422 1627 1423 1634 .

262 1671 356 1738 Sulla
368 1679 415 1719 ¹⁵¹
438 1671 649 1756 appellantur
665 1677 797 1754 sedilia,
811 1675 846 1738 in
862 1674 985 1757 quibus
1006 1691 1074 1736 non
1095 1673 1209 1756 plures
1230 1673 1347 1756 [Fusr.

304 1773 445 1856 singulis
455 1776 588 1856 possint
602 1777 729 1856 sedero,
738 1779 882 1860 ideoque
895 1776 982 1840 solla
992 1773 1019 1814 ¹⁶
1033 1779 1176 1838 sternere
1187 1775 1347 1852 dicuutur,
1422 1791 1423 1804 ἢ

305 1877 365 1959 qui
381 1875 604 1941 solisternium
618 1879 751 1959 babent,
766 1886 799 1946 et
814 1877 940 1943 solaria
952 1881 1126 1953 vocantur,
1136 1876 1347 1959 Babylonica,

306 1977 429 2061 quibus
455 1976 570 2041 eadem
597 1986 808 2047 sternuntur:
832 1997 921 2062 quae,
935 1983 975 2043 ut
1000 1979 1047 2042 ait
1073 1976 1223 2053 Verrius,
1246 1977 1349 2040 omnia

235 2144 239 2154 ,
305 2079 408 2144 ducta
422 2085 499 2144 sunt
514 2079 627 2145 solo.¹⁷
642 2079 740 2146 Alvei
750 2099 882 2166 quoque
895 2079 1031 2144 lavandi
1041 2078 1066 2117 ¹⁸
1082 2077 1190 2162 gratia
1204 2077 1349 2152 instituti,
1422 2067 1423 2132 l

307 2200 375 2264 quo
387 2181 508 2263 singuli
517 2181 734 2261 descendunt,
747 2183 833 2247 solla
842 2179 998 2244 dicuntur
1008 2187 1035 2244 ε·
1050 2199 1128 2264 quae
1139 2199 1161 2244 a
1171 2177 1317 2243 sedendo
1327 2185 1348 2227 ¹⁹

304 2283 420 2368 potius
433 2283 526 2346 dicta
539 2283 702 2363 videntur,
717 2303 817 2369 quam
837 2301 860 2346 a
873 2280 972 2346 sollo.

264 2385 359 2451 Sulla
369 2391 398 2421 ²⁰
413 2383 547 2458 sedilia,
562 2384 596 2447 in
615 2387 736 2468 quibus
758 2384 878 2467 singuli
902 2387 1028 2447 tanturn
1043 2388 1188 2467 possunt
1222 2381 1350 2465 [Pnun.

308 2485 440 2566 sedere;
462 2484 606 2570 ideoque
631 2488 735 2554 solia¹
753 2493 899 2553 sternere
925 2485 1090 2560 dicuntur,
1112 2484 1174 2567 qni
1198 2483 1350 2548 sollister-

738 2665 901 2690 nocuum&

298 2767 329 2814 tl
345 2763 393 2812 Vir
403 2762 472 2812 dont.
484 2762 510 2812 in
520 2777 600 2828 marg.
620 2763 663 2816 ed.
680 2765 749 2816 Seni.
763 2765 831 2827 conj.
848 2765 946 2826 antiqua
961 2763 1132 2812 Μαρικᾶν.
1167 2761 1238 2812 Vide
1250 2759 1351 2810 inira-

266 2831 297 2878 lo
313 2828 354 2877 ld.
365 2827 426 2877 ibid.
438 2827 505 2876 Soliu
523 2830 564 2877 vel
583 2829 714 2880 Solu-ld
726 2830 789 2878 Vet.
804 2829 862 2878 eod.
879 2829 1026 2878 uuila-1⁷
1044 2827 1089 2874 Vir
1104 2827 1177 2876 doct.
1196 2843 1212 2874 a
1229 2827 1352 2875 alla-ld

265 2891 584 3006 ἶὲῒὲὧιὲἳιιναέιαὲἑίὖῑ-Ιθ
595 2894 642 2973 ld.
661 2895 880 2944 mandenda-2⁰
897 2891 1094 2942 vunentanus
1105 2891 1146 2939 rei
1158 2890 1282 2940 Solia-1
1297 2889 1352 2937 llet.

761 3116 865 3170 NOTAE

299 3237 309 3266 f
326 3227 404 3292 doliu]
422 3231 491 3293 Lege
503 3229 587 3280 Solia.-
602 3235 636 3288 et.
648 3231 745 3295 ideoque
754 3243 793 3281 ro·
833 3233 857 3282 lo
874 3230 967 3296 ipsein
979 3229 1192 3293 lentulum‚.inno
1204 3228 1354 3279 etliinem

265 3307 612 3371 liurdmmdiruaiardfr.
638 3306 793 3363 ltem‚etro·
832 3305 858 3355 in
885 3307 960 3355 rellan
983 3306 1016 3354 ud
1040 3320 1139 3355 crunam
1167 3295 1357 3355 invitabamur!

266 3383 338 3432 timu
345 3382 622 3447 mounturBubylorrieu.
637 3383 718 3432 Varro
730 3383 793 3432 Cor·
833 3380 901 3430 Vide
923 3379 1088 3444 ‘Epulouon’
1121 3380 1267 3443 Babylonia
1288 3378 1355 3426 rolia-

266 3457 396 3507 urutoriue
407 3457 459 3520 περὶ
468 3459 556 3520 φθορᾶς
566 3458 654 3518 κόσμον
667 3475 675 3508 ι
693 3459 794 3522 ‘Pluy-
832 3457 872 3506 ria
883 3472 898 3506 ι
909 3457 1051 3520 Babylona,
1061 3469 1118 3519 qnoe
1136 3456 1253 3504 diversor
1264 3455 1357 3504 colom

268 3531 309 3593 gio
329 3532 373 3594 qui
387 3531 505 3593 pulvinar
517 3539 620 3593 poterut
630 3534 746 3596 pingere,
756 3546 795 3581 ro·
832 3532 942 3594 pictura
963 3531 1081 3578 intexere
1098 3527 1198 3579 docuit.
1225 3529 1294 3578 Ptin.
1318 3525 1358 3574 lib.

267 3603 317 3652 liar
326 3603 472 3667 levlgabat!
505 3605 623 3658 Glosroe:
640 3609 748 3664 ‘solim
760 3605 794 3656 di·
833 3619 897 3654 vrrr.
909 3621 966 3668 cup.
984 3609 1025 3655 ta.
1042 3605 1223 3668 ‘Babylonica
1243 3605 1359 3668 peristro-

267 3677 345 3743 pput!
360 3679 414 3727 Jor-
424 3677 487 3727 θοαὶ.
832 3678 921 3728 rnata'
935 3679 1001 3727 dixit
1017 3679 1103 3728 Plaul.
1115 3678 1141 3726 in
1153 3677 1236 3728 Stich.
1253 3679 1318 3726 Dec.

300 3753 377 3818 Solio]
395 3753 465 3816 Lege
484 3753 621 3816 utSealig.
648 3755 731 3805 soliar
750 3769 793 3805 arr·
864 3755 960 3805 'Aluti
977 3769 1065 3817 qnoque
1086 3753 1182 3802 imnodi
1197 3753 1293 3814 mia,
1313 3747 1362 3811 da]

267 3837 321 3881 turn
334 3828 614 3880 atemeradieebuntor
629 3831 794 3894 quirellirter·
833 3831 914 3894 Lege,
940 3830 1007 3878 Solia
1028 3830 1149 3880 dinam.
1193 3830 1282 3879 Gloss.
1309 3827 1362 3873 ‘so-

268 3903 793 3968 aimlrabebant‚quodalionomlnoler·
833 3908 894 3957 lium
912 3905 1022 3968 lpdrim!
1053 3907 1120 3956 Nam
1141 3905 1246 3968 tandm,
1265 3907 1363 3962 alvens,

268 3981 404 4030 litterarium
422 3980 567 4042 dicebatur,
577 3979 645 4045 quod
662 3981 719 4030 Diis
731 3994 793 4046 epu·
834 3983 859 4031 in
870 3995 945 4046 quern
958 3981 1119 4030 descendunt
1130 3981 1250 4032 lavaturi.
1264 3979 1365 4042 {pawn

173 4063 177 4074 ‘
268 4054 359 4103 laturis
377 4053 438 4103 lecti
465 4060 494 4103 et
515 4055 586 4104 sellu
607 4063 793 4106 sternerentur.
832 4064 910 4109 voert
923 4057 1041 4109 Dioscor.
1058 4058 1133 4107 Iden.

270 4127 329 4178 Vol.
342 4129 415 4180 Max.
426 4127 471 4179 lib·
481 4141 514 4179 ιι.
522 4143 580 4193 cap.
592 4133 616 4180 1.
633 4130 793 4195 ‘sortiend-
