2934 4864
248 340 334 408 1112
582 354 695 403 anxur
721 343 871 405 enrrenn
898 343 1000 402 aasrr

249 518 425 565 resecrare.
472 493 594 560 Rursus
610 505 711 560 autera
728 493 808 560 ruem
822 497 869 560 nti
882 483 1332 572 salibararenl,ineistelrat,et

248 597 330 686 quod
342 597 444 660 iasone
458 598 646 681 innocensq.
661 605 763 674 esset,
779 595 995 661 causabatur:
1019 608 1050 661 et
1064 598 1150 683 quad
1168 607 1263 680 caput
1278 603 1337 671 eet,

248 721 288 764 na
303 700 413 764 cidem
431 699 544 763 iterum
563 697 626 762 dier
641 698 802 774 diceretur,
823 719 896 761 acue
911 699 1022 762 iterum
1037 699 1261 764 animadverti
1274 705 1339 762 etn-

250 809 370 863 tuerent
383 799 417 862 in
431 819 510 879 eum,
525 796 765 882 deprecabatur:
780 819 890 882 eumq.
906 803 1044 867 comitia
1058 809 1172 866 essene
1182 798 1339 862 dimitten-

251 900 292 964 da
379 945 772 967 .....
845 901 915 984 [91]
937 909 1047 967 aut.
1136 945 1143 962 .
1236 943 1245 960 ·
1330 929 1338 945 ·

862 1122 915 1168 rca
960 1147 968 1164 .
1014 1149 1022 1166 .

252 1223 333 1286 croq.
348 1211 445 1264 uenter
458 1199 540 1287 quad
552 1200 672 1265 dudum
686 1201 916 1266 obsecraveram
1035 1248 1043 1264 .
1135 1248 1145 1264 .
1237 1247 1245 1262 .
1333 1245 1340 1262 .

253 1321 386 1366 resecror
983 1301 1056 1368 Res
1071 1299 1340 1386 conperendinata
1464 1321 1465 1372 ὲ

252 1400 380 1482 dicitur,
395 1411 430 1465 ut
448 1397 574 1465 Verrius
594 1401 651 1481 ait,
663 1400 829 1486 judicium
845 1402 877 1466 in
897 1401 976 1466 diem
991 1404 1117 1468 tertium
1132 1405 1340 1468 constitutum.

255 1499 379 1568 Raram
393 1523 511 1568 eonem
524 1503 696 1589 signficare
711 1503 757 1566 ait
776 1499 900 1568 Verrius
915 1527 1054 1584 raucam,
1070 1516 1099 1568 et
1116 1525 1239 1588 parurn
1255 1502 1344 1588 liqna·-

254 1605 336 1684 dam,
351 1603 489 1688 proxime
502 1626 611 1668 cauum
626 1603 774 1668 latratum
788 1614 961 1671 sanantem.
997 1603 1084 1670 Unde
1098 1608 1195 1670 etium
1213 1603 1344 1668 raucidi-

254 1728 306 1770 eus
322 1706 506 1792 pugnaciter
520 1708 667 1790 loquens,
691 1705 802 1770 rabula
817 1707 1045 1791 appellabatur,
1059 1717 1097 1771 ut
1111 1717 1155 1772 ert
1171 1705 1259 1790 apud
1273 1703 1343 1768 Lir-

929 1809 1075 1875 travilla
1138 1855 1147 1872 .
1231 1852 1240 1872 .
1329 1849 1339 1866 .

257 1957 265 1974 .
373 1957 381 1972 .
500 1909 661 1988 ravistelli,
672 1911 739 1974 nisi
753 1933 773 1973 a
790 1911 859 1973 raui
869 1909 972 1994 patiar
985 1909 1082 1974 dictae
1096 1907 1341 1986 veliementer

255 2009 340 2094 apud
355 2007 526 2088 Plautum,
540 2011 596 2093 qui
611 2010 658 2074 alt
671 2009 705 2073 in
720 2007 912 2074 Aulularia:
947 2007 1008 2074 Uti
1021 2011 1048 2072 εἰ
1061 2008 1141 2096 quid
1151 2026 1343 2092 poseamus,

254 2110 396 2194 (quod)⁷
426 2109 468 2172 ad
496 2110 593 2173 ravim
619 2131 777 2194 parcamur
798 2109 900 2194 priue.
946 2109 989 2174 Er
1015 2109 1115 2175 alebi:
1143 2106 1343 2194 Expurgate

255 2207 352 2274 lercle
363 2211 464 2276 maula
478 2211 521 2274 ad
534 2233 657 2275 raucam
672 2215 786 2278 ravim.
832 2209 934 2276 Barea
955 2211 987 2274 in
1010 2233 1087 2297 agre
1103 2208 1244 2274 Reatina
1261 2231 1343 2272 caer·

251 2333 312 2394 pur
326 2313 525 2396 appellatur,
546 2312 673 2397 quadiu
687 2333 721 2375 eo
735 2334 812 2378 arua
833 2333 902 2376 rore
919 2311 1048 2378 humida
1069 2331 1205 2396 semper
1223 2319 1342 2376 serent.

257 2409 526 2496 Rediculisanum
537 2423 623 2476 retra
635 2423 759 2496 partam
774 2413 943 2499 Capenam
958 2412 1151 2480 cornificius
1166 2411 1340 2498 aitfuirre:

255 2511 308 2596 qui
324 2510 492 2576 Rediculur
502 2521 677 2597 propterea
700 2514 884 2599 appellatur
907 2525 961 2594 ert,
978 2515 1053 2601 quia
1070 2512 1218 2579 accedens
1237 2513 1278 2577 ad
1291 2535 1342 2576 rr·

255 2615 329 2676 bern
346 2613 629 2691 Hannibalemn
648 2614 711 2679 loca
730 2615 867 2694 redierit,
881 2615 1068 2700 quamdam
1090 2617 1175 2680 visis
1191 2617 1344 2699 perterri-

256 2721 324 2778 tus.
368 2711 514 2778 Reserari
538 2711 664 2780 Verrius
687 2718 732 2780 ait
752 2719 821 2783 dici
843 2719 887 2783 ab
911 2736 966 2796 eo,
986 2715 1083 2802 quae'
1100 2717 1232 2780 demere
1245 2737 1343 2779 urea
1463 2743 1464 2762 t

247 2813 364 2898 jannae
379 2815 513 2881 cardine
526 2818 687 2900 patefiant
691 2817 800 2910 soree:
821 2819 902 2898 inde,
915 2839 980 2904 qua
988 2816 1153 2904 patffacta
1168 2828 1199 2882 et
1208 2819 1346 2884 declara

258 2917 336 2993 sint,
350 2927 485 2980 reserata
500 2916 580 2980 dici:
603 2939 675 2984 sere
690 2939 765 3002 neq.
780 2919 952 2986 dicantur⁹
975 2921 1092 2998 fustes,
1114 2920 1170 3004 qui
1185 2939 1348 3002 apponun-

258 3025 309 3078 tur
325 3016 435 3081 clauelr
459 3019 596 3084 loribus.
639 3020 811 3086 Pacuvius
839 3023 875 3086 in
896 3020 1063 3084 Armorum
1078 3019 1230 3106 judicia:
1255 3020 1346 3084 Nure

257 3117 392 3202 pandite
405 3119 529 3195 valvae,
544 3130 692 3184 removete
709 3143 802 3200 cerae,
824 3133 859 3186 ut
876 3121 1088 3204 complectar.
1131 3122 1207 3206 [aa]
1221 3123 1347 3187 Rema-

258 3226 401 3296 nant,¹oq
417 3225 580 3304 repenle
625 3219 751 3286 Ennius
763 3223 824 3287 lib.
840 3240 865 3288 1.
898 3223 1062 3286 Desunt¹²
1081 3225 1173 3288 neas
1190 3243 1348 3307 campas-

258 3339 324 3402 que
339 3326 501 3386 remant-¹³
546 3321 665 3388 Refert
679 3343 754 3388 cum
769 3325 923 3403 dicimus,
932 3345 1038 3390 errare
1048 3344 1109 3390 nos
1121 3326 1169 3389 ait
1181 3324 1345 3390 Verrius:

258 3438 334 3484 esse
363 3424 451 3488 enim
479 3430 605 3488 rectum
625 3425 672 3490 rai
694 3425 766 3503 tert,
792 3423 907 3490 dativo
934 3425 1075 3503 seilicet,
1100 3442 1167 3488 non
1192 3425 1344 3490 ablativo

708 3601 887 3636 nonoque„

289 3717 305 3762 7
321 3710 410 3776 ().-8
427 3711 445 3762 f.
456 3716 575 3778 quad-9
589 3713 701 3792 lunamq-
714 3717 898 3770 licentra-10
914 3718 934 3769 f.
949 3720 1135 3771 murm-11
1154 3719 1176 3770 l.
1194 3725 1351 3784 repetant.-

233 3851 241 3868 .
260 3781 290 3828 te
306 3776 325 3827 l.
335 3779 517 3829 decerunt—lt
536 3775 555 3829 f.
565 3783 678 3832 mant.

749 3909 854 3962 NOTAE

291 4003 464 4065 anemae]
481 4004 639 4070 legendnm,
655 4005 780 4059 Recitant-
820 4007 895 4058 Ennii
915 4023 1002 4059 rerem
1017 4009 1056 4059 ita
1075 4006 1277 4062 emendandae:
1304 4011 1359 4062 Dr-
1460 4019 1461 4022 ’

260 4079 366 4132 Plantae
377 4080 508 4146 Captivis:
531 4081 577 4134 ‘Si
600 4067 649 4122 ΜΕ
669 4083 780 4137 reviretl
818 4083 1246 4150 mecummmrerunr.
