2934 4864
510 381 785 438 causasarum.
852 411 856 422 .
1107 373 1192 444 1133

123 517 271 588 Pacuvius
286 525 321 590 in
339 525 490 609 Niptris:
512 527 587 592 Nec
602 527 696 611 [116]
709 529 780 594 ulla
794 529 937 594 subscus
950 529 1087 594 cohibet
1100 549 1191 596 com·

120 644 219 716 pagam
235 627 333 692 alvei.
378 627 521 694 Plautus
535 630 569 693 in
584 627 753 694 Astraba:
768 629 968 698 Terebratus
979 631 1119 698 multum
1135 633 1191 698 sin

119 733 147 790 et
158 728 329 793 subscudes
344 729 467 796 addite.
490 731 560 796 Sub
575 750 699 796 corona
714 733 823 796 venire
837 732 1003 812 dicuutur,
1019 733 1099 814 quia
1109 752 1191 815 cap·

118 829 168 892 tivi
181 831 325 904 coronati
340 831 448 896 solent
463 833 582 909 venire,
606 839 646 896 ut
660 833 706 898 ait
720 831 807 898 Ceto
822 834 855 897 in
866 853 922 912 eo,
937 834 997 917 qui
1015 839 1067 898 cst
1091 833 1133 896 de
1156 853 1192 897 re

117 929 257 996 militari:
282 929 329 998 Ut
343 932 490 1014 populus
513 951 594 998 snus
616 951 678 998 sua
704 953 805 1016 opera
828 935 941 1016 potius
960 936 1004 1000 ob
1019 955 1088 1000 rem
1105 935 1190 1000 bene
1267 948 1270 956 '

114 1039 229 1110 gestam
252 1040 431 1100 coronatus
454 1033 682 1115 supplicatum
707 1041 775 1106 eat,
801 1053 904 1117 quarn
926 1055 961 1100 re
986 1037 1074 1100 male
1097 1040 1194 1116 gesta,

115 1136 280 1196 coronatus
305 1133 458 1198 veniat.²0
478 1133 514 1198 id
539 1141 649 1198 autern
671 1135 801 1216 signum
827 1144 880 1202 est
901 1137 983 1200 nihil
1004 1136 1191 1220 praestaria

113 1231 254 1319 populo.¹
270 1233 359 1316 quod
374 1235 474 1299 etiam
485 1233 626 1326 Plautus
641 1235 809 1316 significat
823 1237 858 1300 in
879 1236 1046 1302 Hortulo:
1070 1237 1190 1302 Praeco

110 1333 156 1398 ibi
169 1333 255 1396 adsit
273 1353 349 1398 cum
371 1353 507 1410 corona,
529 1337 618 1417 cuiq.
644 1336 747 1400 liceat
768 1338 904 1402 veniat.²
948 1337 1123 1404 Sublimen
1138 1345 1192 1402 ost

104 1433 140 1497 'iu
155 1433 355 1500 altitudinem
376 1435 509 1514 elatum,
533 1441 569 1497 nt
588 1435 717 1502 Ennius
735 1439 769 1502 in
790 1437 954 1522 Thyeste:
979 1438 1107 1522 Aspice
1126 1440 1190 1504 hoc

110 1535 242 1600 sublime
253 1529 412 1612 'candens
428 1555 527 1618 quem
538 1546 664 1602 uocant
678 1557 793 1603 ornnes
807 1539 940 1604 lovem.
985 1541 1145 1622 Virgilius
1157 1541 1191 1604 in

109 1635 277 1718 Georgicis
289 1637 347 1702 lib.
367 1654 391 1700 1.
436 1637 506 1702 Hic
518 1645 634 1704 vertex
644 1638 743 1703 nobis
752 1659 882 1724 semper
896 1644 981 1707 subd
1025 1642 1192 1710 Sublime-

108 1739 155 1802 vit
167 1739 249 1803 dixit
264 1746 311 1804 Λ*
333 1739 369 1803 id
392 1745 453 1817 ost,
477 1739 511 1802 in
532 1740 637 1804 altum
659 1741 789 1817 extulit,
812 1741 983 1824 Originum
1002 1744 1061 1808 lib.
1079 1759 1122 1808 11.
1150 1741 1193 1808 In

105 1839 282 1904 maximum
297 1839 402 1903 decus
417 1845 483 1922 atq.
504 1839 539 1903 in
561 1839 822 1904 excelsissimam
845 1842 1072 1910 claritudinem
1087 1843 1192 1907 subli-

104 1941 225 2004 mavit:
240 1940 274 2005 id
292 1947 403 2005 autem
418 1937 541 2004 dicitur
554 1959 575 2004 a
589 1940 699 2004 limine
719 1941 900 2022 superiore,
915 1943 996 2025 quin
1014 1962 1117 2024 supra
1130 1961 1191 2006 nos

103 2051 171 2126 est..
207 2042 464 2108 succenturiare
480 2048 533 2106 cst
546 2031 721 2123 explendae
737 2043 893 2106 centuriae
907 2043 1011 2124 gratia
1024 2043 1192 2126 supplere,

101 2144 263 2209 subicere.
307 2141 450 2208 Plautus
471 2143 507 2206 in
529 2141 727 2208 Saturione:
750 2143 968 2208 Subcenturia
986 2149 1127 2220 centurn,
1142 2164 1193 2208 ree

100 2246 206 2332 quire,
216 2246 276 2331 qui
287 2255 318 2320 te
329 2245 474 2310 delectet
488 2243 595 2308 domi:
611 2248 643 2309 et
655 2241 810 2314 Caecilius
822 2229 856 2305 in
870 2242 1071 2325 Triumpho:
1089 2244 1191 2310 Nunc

99 2365 185 2412 meaa
209 2346 361 2412 militim⁵
389 2347 516 2411 astutia
531 2363 617 2428 opus
636 2351 689 2410 est
708 2342 950 2409 subcenturia.⁶
993 2343 1193 2410 Subrumari

98 2446 253 2512 dicuntur
281 2447 381 2524 haedi,
410 2465 488 2510 cum
515 2444 559 2510 ad
590 2463 767 2508 mammam
791 2444 1019 2524 admoventur,
1043 2447 1125 2529 quia
1150 2465 1192 2511 ea

96 2549 194 2633 [117]
209 2548 261 2612 his
277 2550 508 2625 vocabuntur,⁷
523 2547 577 2611 vel
590 2547 671 2629 quia
686 2547 814 2610 rumina
826 2547 961 2614 trahunt
971 2548 1059 2613 lacte
1074 2569 1193 2632 sugen-

95 2659 180 2732 tes-⁴
209 2650 337 2716 Subulo
352 2650 463 2714 Tusce
479 2649 599 2713 tibicen
615 2647 754 2712 dicitur:
776 2648 860 2732 itaq.
886 2649 1036 2716 Ennius:
1062 2649 1191 2715 Subulo

92 2750 267 2834 quondam
296 2751 441 2814 marinas
467 2755 601 2831 propter
626 2747 824 2814 adstrabat⁸
852 2751 978 2834 plagas.
1024 2751 1194 2816 Suburam

92 2852 240 2918 Verrius
251 2853 317 2918 alio
331 2851 418 2915 libro
433 2869 454 2914 a
470 2867 557 2932 pago
576 2849 774 2915 Succusano
789 2851 912 2915 dictam
927 2852 985 2916 ait.
1016 2851 1097 2918 Hoc
1113 2871 1191 2918 vero

89 2955 248 3018 maxime
264 2955 381 3037 probat
395 2971 507 3016 eorum
517 2952 727 3029 auctoritate,
742 2951 799 3033 qui
809 2951 912 3022 aiunt,
927 2951 975 3014 ita
989 2952 1192 3034 appellatam

88 3061 131 3118 et
160 3056 329 3137 regionem
361 3054 462 3130 urbis,
487 3058 523 3116 et
544 3051 701 3116 tributum
724 3070 745 3115 a
763 3051 890 3116 stativo
912 3051 1084 3133 praesidio,
1103 3052 1194 3135 quod

86 3156 238 3220 solitum
254 3157 300 3220 sit
313 3173 502 3220 succurrere
518 3151 697 3236 Exquiliis,
720 3150 957 3216 infestantibus
974 3171 1049 3216 enm
1065 3159 1192 3234 partem

86 3257 192 3321 urbis
204 3257 363 3322 Gavinis:
388 3252 549 3337 indicioq.
566 3272 652 3328 esse,
668 3252 759 3335 quod
782 3251 891 3318 adhuc
914 3273 957 3318 ea
980 3254 1085 3317 tribus
1100 3272 1192 3336 perc

84 3357 232 3422 literam
245 3377 308 3422 non
333 3356 546 3421 bscribatur.
590 3354 867 3431 Subverbustam,
887 3355 1062 3418 veribus⁹¹¹
1084 3360 1193 3417 ustam

83 3459 270 3540 significat
284 3459 424 3524 Plautus
443 3477 520 3522 curn
538 3456 606 3522 ait:
632 3453 848 3532 Ulcerosem,
862 3455 1098 3538 compeditam,
1114 3456 1194 3519 sub-

559 3652 590 3672 Ν
593 3650 741 3673 contnuo

119 3791 159 3836 2⁰
181 3787 353 3837 tmen-1
370 3785 390 3836 t.
401 3785 436 3842 au
447 3787 552 3835 alla-a
569 3784 589 3835 i.
607 3788 749 3834 venenu-³
766 3781 785 3833 f.
796 3783 958 3834 antliam-4
974 3781 994 3833 f.
1012 3797 1025 3831 u
1041 3784 1158 3832 (tuln-t
1175 3775 1201 3830 sl

74 3853 260 3910 malitiae-d
276 3851 295 3901 f.
312 3850 543 3902 annuenda-⁷
560 3849 579 3899 s.
595 3851 670 3900 rumis
689 3847 873 3898 andana-s
889 3846 908 3896 f.
924 3847 1092 3900 adstabat-⁹
1108 3844 1127 3896 f.
1142 3861 1195 3894 aar·

77 3917 206 3966 derides.

596 4009 701 4062 NOTAE

115 4133 130 4158 ¹
142 4125 349 4184 Salaminiam,
358 4123 462 4188 ueritus]
476 4122 506 4172 ln
514 4123 631 4185 margine
675 4121 797 4174 Horatius
815 4121 880 4172 dixit
896 4121 962 4170 ‘Uri
973 4119 1068 4184 uirgis!
1194 4173 1197 4178 ,

66 4203 254 4265 scripsimus
265 4199 399 4250 natentur
410 4214 457 4264 pro
466 4198 566 4262 mutas,
573 4213 630 4248 nuru
