2912 4858
274 323 360 394 1202
618 337 732 389 suxui
756 337 910 388 ananau
933 337 1038 390 rusus

272 481 706 565 maro,id·medieameutum
719 499 807 560 erae,
817 503 885 568 quo
897 499 989 566 rugae
1004 481 1242 556 extendantur,
1261 499 1340 564 quon

271 589 383 656 dicat:
405 585 645 671 Teutipellium
667 586 849 663 inducitur,
869 604 958 666 rugae
973 585 1011 650 iu
1035 603 1094 650 ore
1120 583 1343 648 extenduntur:

271 709 375 774 quom
389 689 447 754 ille
462 693 598 774 τροπικῶς
611 687 742 753 dixerit.
785 685 932 768 'lignum
945 704 1012 750 nou
1023 685 1136 750 solum
1149 686 1186 750 iu
1201 683 1345 758 aediliciis,

271 811 340 876 quo
357 797 501 868 utuntur,
517 790 714 876 appellatur,
728 790 789 856 sed
803 789 914 854 etiam·
925 787 961 851 iu
980 788 1105 862 uineis,
1120 793 1158 851 ut
1171 793 1230 852 est
1241 786 1273 850 in
1286 801 1346 850 nn.

270 893 415 976 Tignum
431 894 582 979 junctum
596 891 737 969 aedibus,
756 892 908 969 vineave,
924 897 961 954 et
975 890 1150 972 concapitv
1172 908 1221 952 ue
1234 889 1347 952 solvito.

270 995 358 1060 Tela
369 995 504 1080 proprie
516 993 582 1059 dici
596 993 750 1058 videntur
764 1013 815 1072 ea,
830 1013 905 1076 qum
921 991 1067 1058 missilia
1080 995 1184 1054 suut:
1209 1009 1255 1053 ex
1268 989 1347 1054 Gra-

268 1113 313 1160 eo
334 1096 493 1162 videlicet
513 1093 675 1160 bausiato
698 1113 813 1160 eorum
836 1093 981 1171 nomine,
999 1091 1157 1175 quoniam
1181 1090 1236 1154 illi
1256 1090 1348 1166 neila

269 1197 375 1262 missa
388 1195 513 1274 dieunt,
527 1215 604 1280 qnae
614 1213 676 1260 nos
690 1195 820 1260 eminus
834 1215 842 1260 ε
865 1195 955 1259 siout
969 1211 1059 1258 arma
1073 1212 1126 1270 ea,
1148 1211 1234 1276 quae
1248 1193 1288 1256 ab
1300 1191 1350 1254 bu·

269 1298 368 1363 meris
392 1297 616 1382 dependentia
634 1295 816 1362 retinentur
843 1297 1007 1372 manibus,
1034 1295 1201 1378 qnoniam
1232 1293 1350 1378 quiden

268 1417 337 1464 uon
348 1399 457 1463 minus
471 1399 506 1462 iu
521 1399 617 1464 nobis
632 1417 708 1462 eam
720 1403 847 1481 partem
863 1397 1010 1480 eorporis
1026 1415 1157 1460 armum
1171 1397 1290 1462 vocari
1302 1413 1352 1459 ex·

268 1499 481 1564 intimandum
497 1507 562 1576 est,
576 1515 678 1582 qnam
723 1541 945 1563 .....
988 1497 1163 1580 Tigillnm,
1179 1496 1350 1562 Sororium.

267 1599 346 1664 Vici
368 1599 527 1682 appellari
554 1601 717 1684 incipiunt
741 1619 785 1664 ex
807 1602 906 1684 agris,
930 1601 990 1684 qni
1012 1601 1060 1664 ibi
1081 1598 1186 1664 villas
1212 1617 1282 1662 uon
1301 1598 1352 1661 ba-

266 1699 405 1779 bent,ut
419 1699 539 1778 Marsi,
563 1707 623 1765 ant
641 1701 792 1784 Peligni:
826 1701 886 1767 sed
908 1719 952 1765 ex
979 1699 1064 1764 vicis
1088 1701 1217 1782 partim
1240 1701 1351 1764 babent

265 1819 369 1884 remp.
383 1807 419 1864 et
427 1800 486 1885 jus
499 1801 632 1877 dieitur,
647 1803 764 1884 partim
779 1801 992 1874 ubileorum,
1011 1810 1045 1865 et
1067 1807 1183 1866 tumen
1207 1802 1254 1866 ibi
1276 1819 1352 1864 nnn-
1434 1789 1435 1814 ³

266 1902 355 1967 dium
369 1901 531 1984 aguntur⁸
552 1903 674 1984 negotii
689 1893 820 1984 'gerendi
843 1921 958 1980 cansa,
974 1909 1007 1967 et
1020 1903 1173 1983 magistri
1186 1902 1267 1980 vici,
1280 1903 1351 1965 itan
1434 1915 1435 1940 ἱ

265 2004 414 2086 magistri
428 2000 527 2086 pacid
537 2003 714 2086 quotannis
729 2003 827 2068 liunt:
850 2005 968 2092 altero,
984 2023 1060 2069 oum
1077 2003 1113 2068 id
1129 2022 1238 2086 genus
1259 2003 1353 2068 aedifi·
1434 2067 1435 2082 1

266 2103 394 2168 ciorum
405 2103 573 2180 delinitur,
589 2123 665 2187 quar
680 2105 882 2170 coutinentia
897 2113 976 2170 suut
996 2105 1048 2168 bis
1070 2106 1199 2187 opidis·
1214 2125 1293 2189 quae
1307 2106 1353 2170 iti·

265 2207 411 2283 neribus,
424 2205 648 2288 regionibusq.
663 2205 840 2272 distribute
854 2209 936 2272 iuter
949 2227 986 2272 se
996 2207 1136 2283 distant,
1151 2209 1353 2274 nominibus·

263 2327 330 2390 que
347 2308 563 2374 dissimilibus
585 2305 790 2374 discriminis
805 2327 909 2374 cansa
922 2315 999 2372 snut
1013 2308 1218 2391 dispartita:
1249 2309 1352 2384 tertio,

262 2423 339 2472 uum
364 2407 401 2470 id
414 2425 518 2490 genus
534 2407 752 2472 mdideiomm
767 2409 930 2487 definitur,
945 2428 1022 2494 qnae
1039 2411 1073 2473 in
1099 2407 1238 2493 oppido
1255 2413 1352 2493 privo,

261 2507 297 2576 id
311 2515 373 2578 est,
387 2509 421 2571 in
434 2526 496 2571 suo
511 2509 655 2590 quisque
673 2509 750 2573 loco
765 2513 902 2594 proprio
929 2511 978 2573 ita
1003 2509 1164 2588 aedificat,
1195 2517 1234 2574 ut
1258 2511 1292 2574 in
1315 2531 1352 2576 eo

262 2605 406 2672 aedificio
418 2609 567 2690 pervium
584 2607 639 2685 sit,
656 2627 725 2692 quo
741 2610 856 2674 itinere
868 2611 1071 2675 habitatores
1086 2611 1132 2674 ad
1152 2631 1254 2677 snam
1268 2613 1354 2696 quis-

263 2727 328 2791 que
343 2707 584 2772 habitationem
606 2707 731 2774 habeat
749 2729 937 2788 aceessum,
959 2713 1018 2794 qui
1040 2731 1108 2776 nou
1132 2713 1293 2778 dicuntur
1309 2715 1355 2778 vi·

262 2809 441 2874 oanisient
455 2809 568 2892 hi‚qui
590 2817 649 2874 aut
673 2811 705 2875 iu
720 2813 841 2895 oppidi
855 2814 951 2890 vicis,
977 2821 1036 2878 aut
1061 2814 1107 2891 bi,
1123 2815 1185 2898 qni
1211 2817 1246 2880 in
1272 2817 1355 2900 agris

261 2917 351 2987 snut,
366 2911 478 2976 vienni
492 2911 718 2995 appellantur.

302 3009 408 3091 Viget
422 3010 547 3076 dictum
562 3011 691 3076 videtur
704 3032 726 3077 a
739 3014 926 3098 ringendo,
940 3016 1000 3080 sed
1012 3034 1079 3080 uon
1088 3015 1124 3078 vi
1151 3017 1249 3098 [193]
1262 3039 1356 3102 agen·

260 3109 327 3189 dis,
357 3111 602 3195 hostilibusque
624 3114 736 3193 rebus,
760 3135 872 3180 rerum
887 3117 950 3195 his,
968 3137 1044 3200 qum
1076 3118 1200 3183 eeler⁹
1244 3166 1254 3184 .
1298 3167 1307 3183 .
1350 3167 1357 3179 .

721 3295 899 3316 *unomen

288 3441 304 3488 t
323 3436 343 3491 Ι.
354 3438 492 3502 capula-8
502 3437 534 3488 tl.
546 3438 717 3490 micare-o
727 3437 745 3487 f.
756 3440 872 3488 celeriter.

748 3593 854 3644 Nom

287 3708 389 3774 ΙΙΡιιοί]
409 3707 441 3760 In
462 3709 562 3760 nobedis
578 3710 679 3774 integra
700 3709 778 3758 leetiu
817 3707 1010 3758 LliCIONES.
1043 3709 1160 3774 Reliqua
1176 3715 1253 3764 etiarn
1270 3730 1363 3766 uen-
1434 3725 1435 3788 ᾗ

254 3783 374 3848 babetur,
393 3792 421 3834 et
442 3785 589 3836 emendate.
630 3787 696 3834 Nam
715 3783 778 3846 paci,
818 3783 1083 3834 detioruinscbedie:
1100 3787 1362 3852 ditmannum

253 3861 360 3924 antiqua
374 3859 505 3910 aeribeudi
521 3861 705 3911 cousuetudine
724 3860 778 3910 die·
817 3873 862 3908 ιιιι
871 3859 1024 3923 edificiorum
1034 3862 1162 3926 definitur,
1172 3868 1362 3928 quemma-

254 3937 642 4000 tumerqprumiernprain
659 3936 779 3986 ‘oreon'
818 3936 971 3985 lineantbia
985 3937 1362 4002 animequiores-iham·
1434 3957 1435 3966 ³

252 4007 777 4076 ‘Pere,'inquit,‘litaraefornram,nibilu·
809 4011 969 4074 gionlbmae
984 4013 1134 4062 dixrininr'a
1148 4030 1220 4064 ιιιιι
1234 4021 1300 4064 ant
1311 4019 1361 4066 dis·

254 4083 560 4150 minurgumrpabnotz’
577 4096 604 4137 et
623 4089 647 4138 in
660 4089 777 4138 colomna
815 4087 920 4148 perita:
936 4094 963 4136 et
981 4089 1009 4136 in
1027 4087 1091 4152 fine,
1106 4091 1134 4139 ia
1146 4091 1316 4154 oppiduieir,
1331 4099 1361 4140 et

254 4157 335 4206 Duilli
344 4159 599 4212 MAGISTRATOS
612 4164 741 4226 reperitur
751 4168 777 4212 rt
815 4163 901 4220 υίιιιιί.
911 4172 1024 4228 utroque
1033 4167 1093 4215 loeo
1104 4167 1201 4218 babent
1211 4169 1336 4220 teneda.
