3008 4842
259 341 313 390 Μ
332 339 544 392 VERBORUM
566 339 870 392 sinnlrlon'l'tortu
894 344 968 393 ΗΒ.
991 343 1073 393 XIV.
1156 329 1221 396 599

135 483 311 548 Piscatorii
324 482 395 547 ludi
413 490 587 560 vocantur,
602 483 659 567 qui
674 502 787 548 mense
801 483 825 548 J
827 484 907 548 nnio
922 483 992 550 lieri
1008 503 1062 550 su·
1083 485 1218 564 [Plus.

175 584 246 648 lent
260 605 320 667 pru
335 593 470 667 quaestu
486 585 685 668 piscantium
697 592 788 651 trans
801 585 961 652 Tiberim.

134 685 334 750 Piscatoriii
348 685 421 751 ludi
436 693 609 764 vocantur,
623 687 682 769 qui
697 688 870 769 quotannis
886 704 999 750 mense
1011 686 1074 751 Jn·
1094 687 1217 765 [Fusu.

173 786 231 850 nio
258 795 350 852 trans
371 787 519 852 Tiberim
546 787 614 851 fieri
639 787 748 850 solent
773 806 794 851 a
819 786 970 852 Proetore
998 787 1135 853 Urbano
1156 808 1216 872 pru

175 889 399 972 piscatoribus
413 889 591 964 Tiberinis,
605 908 741 971 quorum
750 894 902 972 qnaestns
916 908 980 953 non
990 889 1025 951 in
1038 889 1215 954 macellum

175 989 336 1070 pervenit,
351 989 411 1054 sed
426 989 494 1054 fere
516 990 548 1052 in
569 1007 681 1054 aream
695 988 851 1067 Volcani,
867 986 958 1071 quod
977 988 1011 1052 id
1028 1007 1133 1070 genus
1149 986 1218 1071 pis-

176 1090 357 1156 ciculorum
372 1092 525 1157 vivorum
538 1091 634 1156 datur
647 1091 679 1155 ei
696 1092 772 1154 Deo
786 1107 848 1172 pro
863 1089 981 1154 animis
993 1090 1161 1154 humanis.

135 1189 313 1255 Piscatorii
328 1191 399 1256 ludi
414 1191 619 1269 dicebantur,
635 1191 694 1274 qui
709 1189 833 1256 fiebant
846 1209 907 1273 pru
922 1197 1051 1274 questu
1083 1190 1218 1271 [Pacu.

173 1291 387 1373 piscantium.

137 1390 360 1458 Piscatorinm
378 1413 427 1458 aes
446 1400 580 1458 vetusto
601 1411 693 1458 more
708 1393 901 1476 appellatur,
923 1391 1012 1476 quud
1027 1392 1061 1456 in
1090 1392 1213 1472 [Fusa

174 1501 287 1557 monte
302 1493 439 1559 Albano
453 1495 549 1558 datur
562 1512 623 1575 pro
637 1493 799 1576 piscibus.

138 1591 297 1658 Piscinae¹
315 1594 464 1678 publicas
484 1592 651 1676 hodieque
670 1612 790 1658 nornen
804 1598 926 1676 manet,
942 1595 1019 1676 ipsa
1030 1613 1095 1659 non
1109 1599 1215 1670 extat,
1275 1595 1279 1600 '

177 1694 220 1758 sti
238 1715 340 1777 quam
354 1704 389 1761 et
410 1695 618 1772 natatum,'et
640 1695 886 1759 exercitationis
906 1694 1033 1778 alioqui
1047 1712 1149 1758 causa
1162 1713 1217 1757 ve·
1313 1759 1317 1764 ,

176 1796 287 1863 niebai
301 1797 458 1881 populus,
474 1797 562 1862 unde
577 1796 726 1862 Lucilius
742 1797 810 1860 ait:
827 1794 894 1860 Pro
910 1796 1031 1860 obtuso
1042 1813 1098 1860 ore
1110 1794 1213 1878 pugil,

175 1897 371 1978 piscinensis
386 1917 439 1964 res
454 1897 532 1962 est.8

587 2061 767 2084 mnemon

168 2146 184 2191 8
201 2142 266 2193 vius
276 2143 371 2194 Notss.

624 2279 731 2332 Nom

136 2396 263 2462 legendum
274 2395 389 2446 ridetur.
409 2397 465 2447 Fal.
479 2397 560 2447 Ursis.
693 2395 730 2444 vis
743 2409 795 2444 ears
805 2409 912 2445 recurre
923 2393 1001 2444 cibis.'
1034 2392 1217 2444 Vulcanalibus

163 2473 329 2536 ruinosas]
345 2465 518 2523 versutius.
536 2472 568 2522 de
580 2470 655 2535 cing.
692 2472 814 2534 pupulum
835 2485 883 2534 pro
907 2485 934 2519 se
954 2469 1081 2532 inignem
1099 2470 1218 2518 animulis

134 2549 189 2597 lat.
211 2548 301 2598 scribit
323 2548 506 2598 Vulcanalibus
534 2549 655 2611 pupulum
692 2547 792 2595 misisse
808 2545 896 2595 scribit
907 2544 989 2592 Vsrru
1006 2543 1053 2592 lib.
1065 2555 1091 2592 v.
1108 2543 1219 2592 ‘vnce

135 2623 247 2671 sninslis
259 2637 307 2684 pro
324 2637 351 2672 ss
368 2622 490 2685 inignem
502 2623 605 2672 mittere
616 2636 656 2672 su·
692 2621 760 2670 nalis
779 2635 795 2669 s
810 2620 933 2680 Vulcano,
955 2618 1058 2682 quodsi
1072 2624 1124 2666 turn
1136 2615 1218 2671 ieris,

133 2699 211 2749 litans.
243 2699 282 2748 Es
300 2705 386 2748 sutem
406 2713 457 2748 nun
474 2713 560 2748 mense
576 2698 655 2750 Jnntu
693 2704 721 2744 et
739 2695 805 2761 quud
827 2707 859 2743 su
870 2693 912 2743 die
924 2694 1090 2757 populnspru
1101 2706 1129 2742 se
1141 2693 1167 2741 in
1179 2693 1218 2756 ig·

134 2773 176 2822 seul
188 2789 215 2823 x.
228 2773 288 2825 xri.
299 2775 374 2838 Sept.
385 2772 494 2823 fisbsnt.
527 2771 605 2823 ovid.
618 2779 657 2821 ts·
692 2784 749 2821 nem
760 2768 986 2820 animulismittit!
1003 2768 1063 2818 Dae.

133 2861 187 2898 nisu
204 2849 249 2898 lib.
261 2863 300 2898 rr.
313 2850 415 2897 Psstor.
427 2848 500 2897 lnrlus
509 2847 655 2910 Tiberinus,
722 2847 861 2910 'Piscinoe1
878 2844 948 2906 lege
961 2860 968 2893 ε
985 2846 1046 2894 sade
1055 2845 1218 2896 inalbescit:

133 2932 157 2973 et
166 2925 322 2988 piscatorum
334 2921 415 2972 refert
426 2923 473 2971 bue
484 2934 571 2972 mense
590 2921 656 2970 lieri.
695 2923 783 2970 Obtusa
793 2921 926 2984 evangil,
932 2921 1152 2997 ριίοἰιιῦοίψοκι.
1166 2920 1219 2970 Ρο-

132 2999 446 3064 &nequissimumque
461 2998 546 3047 aru.
557 2998 656 3056 arbum,
693 2999 756 3062 giles
773 3005 832 3046 sunt
849 2998 942 3044 obtuso
957 3010 1012 3057 urs,
1030 3003 1137 3059 propter
1154 3011 1218 3060 pug-

133 3076 176 3124 ssd
193 3092 209 3125 s
224 3075 308 3138 pupsls
330 3075 375 3124 Rs.
394 3073 481 3124 srbsw
492 3073 565 3122 ludos
577 3072 654 3121 lieri:
692 3089 749 3135 nos,
759 3087 821 3136 quos
830 3071 855 3121 in
863 3086 890 3121 os
899 3071 1042 3133 recipiunt:
1060 3070 1128 3118 uude
1138 3070 1218 3119 illud:

131 3151 195 3216 quud
211 3149 333 3199 mendum
344 3149 378 3198 sb
390 3148 493 3198 indocto
506 3148 610 3197 librario
622 3146 655 3195 sul
693 3149 739 3205 ‘us
751 3149 857 3206 nullum,
869 3146 909 3195 rel
921 3146 1006 3209 potius
1017 3144 1131 3208 pugilis!
1153 3144 1220 3194 Pru·

132 3229 217 3277 doetus
228 3223 354 3290 quusdsrn
370 3224 436 3274 sirus
447 3223 598 3286 penetrarit.
623 3221 655 3270 ln
693 3225 807 3274 serbium
819 3229 858 3272 est
870 3221 938 3286 apud
950 3221 1069 3270 Plautum
1081 3221 1107 3270 iu
1115 3220 1218 3284 Casius,

131 3302 210 3352 reteri
223 3299 327 3364 quidem
338 3297 492 3355 libru,untle
508 3299 588 3348 ceteri
605 3299 655 3347 orti
693 3300 800 3350 ‘obtuso
823 3297 884 3354 ore,’
900 3297 940 3344 vel
959 3296 1070 3344 ubtsnm
1088 3309 1144 3343 cum
1162 3295 1219 3359 quis

131 3387 199 3438 snut,
208 3377 246 3426 its
255 3381 343 3437 est,ut
354 3376 396 3424 bio
415 3373 568 3438 scripsimus.
600 3373 656 3423 Pis·
693 3389 740 3437 spe
764 3373 805 3422 rel
827 3372 947 3421 instituto
969 3368 1097 3434 dejectus,
1120 3369 1219 3433 pudure

133 3470 186 3506 cem
202 3455 288 3503 rivom
307 3467 355 3516 pro
366 3452 449 3501 anima
460 3451 568 3501 bominis
578 3451 603 3501 ln
615 3464 656 3500 ss·
694 3448 850 3500 suffunditur
860 3447 893 3496 sb
912 3446 953 3501 iis,
971 3445 1014 3508 qui
1032 3445 1094 3494 nibil
1113 3454 1221 3508 prseter-

132 3529 227 3581 rrificiu
239 3529 363 3589 ubisturn,
373 3528 449 3577 testis
457 3535 498 3577 est
514 3526 594 3577 Ouid.
612 3527 656 3577 lib.
692 3537 767 3588 qusur
779 3523 805 3570 in
816 3536 844 3571 os
856 3532 963 3569 messem
975 3533 1126 3583 pugnorum,
1141 3527 1170 3567 ut
1181 3519 1218 3568 lu-

133 3620 174 3657 su.
185 3607 284 3655 Fsstor.
298 3604 357 3654 Ast·
367 3605 432 3666 Aug.
694 3601 780 3665 quitur
788 3599 907 3655 Plautus,
916 3603 1088 3658 repurtsrnnt.
1097 3594 1219 3643 sessu.

160 3681 292 3732 Piscsturii
304 3680 366 3744 lsai]
375 3683 401 3728 8.
412 3677 474 3729 Idus
482 3678 561 3730 Junli.
579 3671 656 3729 ovid.
726 3675 832 3724 mans
849 3671 968 3740 publico]
983 3671 1097 3720 Martlsl.
1120 3669 1221 3717 ‘Pisci-

131 3761 199 3809 Fsst.
216 3771 256 3807 rr.
270 3756 377 3804 ‘Tertia
397 3761 455 3817 pust
477 3769 556 3804 nonas
576 3768 655 3803 remu·
695 3763 752 3799 nsm
770 3756 843 3810 peto,
860 3761 910 3794 nun
922 3745 981 3793 licet
992 3743 1101 3793 astare!
1131 3743 1221 3793 verbs

130 3849 187 3884 sere
209 3835 332 3897 bycsuus
351 3830 450 3880 l’boebs
474 3832 575 3885 Fertur,
595 3837 656 3878 ets
696 3824 786 3875 Lucilii
802 3823 838 3872 sic
850 3821 953 3884 legebat
971 3820 1095 3882 Scaliger.
1131 3818 1221 3867 Obtesu

130 3920 262 3972 ῐετςοοοο
276 3905 355 3955 bsbet
371 3919 431 3953 nrss
450 3911 554 3955 metum.
585 3906 657 3953 Tunc
695 3916 745 3963 ure,
763 3899 839 3961 pugil,
859 3895 1003 3958 ρὶεοίπιιιοίο,
1023 3906 1094 3942 reses.
1127 3891 1161 3940 Et
1184 3893 1221 3941 its

129 3999 176 4048 ego
186 3999 227 4033 urs
238 3981 343 4031 memini
355 3979 428 4028 ludos
437 3979 657 4042 ingrsmluscsur-
694 3973 811 4028 seusus.
826 3968 959 4020 Turnebus
971 3980 1031 4016 vero
1043 3966 1088 4015 lib.
1097 3977 1153 4014 xrs.
1163 3980 1219 4031 esp.

128 4059 309 4124 piAspicsrs,
326 4063 353 4105 et
365 4055 455 4118 didici,
466 4055 566 4105 lubrico
575 4055 656 4110 Tibri,
694 4056 737 4102 ab.
767 4047 858 4095 occasu
869 4041 1219 4106 urspsgsspississcssisqsaers-

130 4147 194 4184 rsus.
227 4133 306 4182 Pssts
325 4131 381 4181 diss
394 4131 456 4191 illis,
475 4133 517 4194 qui
535 4131 587 4180 lina
604 4147 656 4180 ms·
694 4139 782 4189 sesqse.
798 4121 866 4170 Duc.

132 4211 219 4262 denus
237 4209 345 4272 ducunt,
368 4207 471 4272 Quique
494 4215 582 4271 trgum
599 4223 657 4272 par·
781 4195 791 4216 ’
