2908 4870
255 363 320 430 892
582 377 693 428 suxrr
721 375 874 426 rounam
901 375 1004 425 rasrr

299 522 461 588 Plautus:
485 520 667 604 Flagitium
681 526 735 586 est
747 521 778 586 si
792 520 873 585 nilril
887 521 1042 596 mittetur,
1058 537 1133 601 quse
1146 519 1350 602 supercilio⁷

299 626 400 708 spicit
420 632 456 687 et
476 625 597 706 spexit.
644 622 771 687 Ennius
795 623 881 686 libro
905 621 1156 686 sextodecimo:
1180 621 1276 704 quod
1302 623 1353 688 ubi

276 757 279 764 ¹
300 745 359 792 rex
376 725 500 810 paulo⁸
516 726 628 808 spexit
642 725 684 788 de
697 724 877 789 centibus⁹
888 723 1002 788 celsis.

259 827 414 912 Spiciuut
424 834 437 872 ⁸
447 826 601 908 antiquos
616 824 728 890 dixisse
741 823 805 888 sine
815 823 1032 907 praepositione
1046 825 1142 889 testis
1153 830 1207 889 est
1219 823 1311 889 Cato
1321 824 1352 888 in

303 947 356 1005 en,
372 947 472 1012 quum
486 926 595 991 lubuit
611 937 719 990 centra
738 924 902 991 liternum
912 930 937 962 ¹⁰
958 925 998 990 de
1012 933 1139 1009 septem
1152 926 1353 1002 hominibus,

302 1035 341 1095 ut
355 1031 463 1094 solent
473 1029 587 1094 euitare
604 1017 765 1105 Seuirios,
780 1029 845 1095 uisi
867 1030 923 1114 qui
939 1030 1131 1112 sempiterni
1153 1034 1243 1106 sunt,
1267 1047 1353 1112 quos

304 1131 378 1196 dum
393 1142 570 1208 occurrunt,
585 1152 628 1196 ue
643 1131 799 1216 spiciunt,
813 1151 921 1214 neque
936 1137 1026 1195 ratos
1042 1150 1101 1193 esse
1114 1128 1238 1192 uolunt.

263 1232 424 1318 Spicumh
440 1235 620 1300 masculine
643 1235 774 1318 antiqui
796 1234 965 1308 dicebant,
988 1240 1024 1298 ut
1045 1233 1133 1297 huuc
1149 1233 1301 1316 stirpem,
1326 1240 1358 1295 et

306 1337 391 1402 hano
420 1356 557 1401 amnem.
600 1337 727 1402 Versus
748 1342 799 1400 est
820 1337 989 1419 antiquis:
1023 1336 1118 1419 quusi
1148 1335 1288 1398 messim
1304 1353 1358 1418 per

306 1440 432 1504 missim
447 1459 715 1523 unumquemque
726 1440 860 1522 spicum
873 1439 1017 1520 collegit.

265 1537 437 1623 Spintherl
461 1541 644 1605 vocabatur
667 1538 798 1603 armillae
819 1561 914 1625 genus
939 1538 1024 1625 quod
1044 1537 1192 1604 mulieres
1216 1538 1359 1620 antiquie

308 1659 412 1722 gerere
425 1639 561 1704 rokbont
582 1639 706 1704 bruelio
721 1661 836 1704 summe
858 1643 999 1706 sinistro.
1043 1639 1207 1708 Plautus:
1230 1641 1254 1706 J
1257 1638 1361 1703 ubem-

308 1763 368 1828 que
383 1741 523 1825 spinther
537 1763 648 1806 nomem
659 1743 933 1808 reconcinnarier.

270 1845 400 1929 Spinter
414 1845 552 1910 armillte
568 1865 681 1928 genus,
696 1865 765 1928 quo
781 1844 936 1910 mulieres
952 1843 1126 1910 utebantur
1138 1846 1214 1910 bra·
1229 1844 1364 1923 [Pnuu.

310 1947 386 2011 cisio
403 1967 534 2010 summo
552 1947 697 2014 sinistro.

270 2048 478 2132 Spintyruix,
502 2069 605 2130 genus
623 2050 697 2116 avis
719 2051 824 2135 turpis
850 2049 986 2132 figurae:
1020 2068 1061 2113 ea
1082 2048 1203 2115 Graece
1224 2047 1366 2134 osrrteple

313 2151 451 2216 dicitur.

303 2398 390 2448 tVet.
402 2397 459 2447 eorl.
477 2399 649 2461 operetta-8
665 2400 728 2450 Vet.
747 2399 792 2450 lilr.
811 2416 856 2450 rex
867 2435 875 2451 .
886 2432 894 2448 .
906 2435 913 2450 .
925 2397 986 2448 mu.
1018 2399 1079 2448 Vet.
1096 2397 1154 2448 eod.
1165 2399 1305 2447 sedula-tl
1320 2398 1367 2446 Vir

273 2463 346 2512 doct.
364 2463 390 2510 iu
408 2477 488 2525 msrq.
501 2463 543 2512 etl.
556 2464 624 2513 Scsl.
635 2465 744 2529 conjicit
759 2465 878 2529 mullus.
910 2464 978 2515 Vide
993 2464 1055 2516 Not.
1074 2461 1215 2512 infra-re
1234 2462 1285 2512 itu.
1296 2464 1365 2514 Scsl.

273 2542 345 2589 quem
355 2526 438 2575 lsulsit
449 2527 472 2583 Q
481 2527 510 2577 tle
522 2529 648 2578 rueram
657 2531 696 2580 tle.

769 2626 881 2678 NOTAE

271 2737 350 2799 spexit
369 2737 400 2785 de
422 2735 526 2785 cortilus
547 2739 631 2796 eelsis5
664 2739 714 2804 rel,
733 2739 801 2804 quoti
843 2739 891 2790 bus
904 2745 994 2789 coutrs
1005 2737 1297 2788 Thermum’citsture
1312 2739 1374 2788 Fes-

249 2814 460 2876 ,megtrptseeu
476 2813 803 2879 Qsmutireeepelespexs't
843 2824 881 2878 to,
898 2831 1025 2881 nunquam
1045 2829 1107 2865 sero
1125 2817 1155 2865 tle
1173 2822 1270 2879 septen.
1304 2816 1377 2878 tego

273 2889 414 2938 demrtilrrs
423 2889 498 2939 eelsis.
531 2890 803 2945 Vsrroenimmtom·
844 2891 929 2941 iuius:
948 2893 999 2942 Nee
1018 2892 1131 2956 spieiest,
1148 2906 1223 2955 seque
1243 2897 1308 2941 retus
1328 2907 1378 2942 esse

275 2979 320 3014 nes
332 2970 434 3020 norunt,
443 2964 586 3027 sepissime
598 2965 804 3016 testimouisVe-
844 2969 933 3018 solent.
949 2967 1017 3017 Duc.

275 3051 359 3091 terum
371 3039 408 3089 ite
420 3041 486 3090 solet
494 3039 670 3102 adducerent
682 3043 806 3107 pleraque
878 3042 890 3076 '¹
907 3043 1016 3106 Spicum]
1031 3042 1233 3107 legitusspicus,
1242 3045 1379 3109 etspicssse.

276 3116 363 3167 serbis
391 3117 444 3165 suis
467 3117 594 3176 enuntiet,
617 3117 679 3166 illutl
705 3126 806 3168 tsutum
847 3121 953 3170 Servius
966 3121 990 3169 lu
1003 3133 1022 3168 ι.
1034 3119 1280 3182 ὓοοις.“1)ἰοίιιιιιι
1297 3130 1324 3169 et
1337 3121 1380 3169 irie

276 3205 328 3256 que
339 3192 373 3240 sle
385 3193 439 3254 egit
450 3191 555 3240 uerbum
571 3194 688 3254 posuisse
700 3201 806 3244 couten-
847 3197 945 3260 spitus,
956 3203 982 3244 et
990 3197 1037 3245 lrec
1046 3196 1154 3259 spicum.
1173 3195 1266 3245 Cicero
1278 3197 1302 3246 iu
1311 3197 1380 3245 Ars-

277 3276 328 3318 tus.
362 3265 746 3329 lueptescheglrius,0sosslri
763 3283 808 3318 res
848 3278 892 3320 to:
917 3272 1022 3335 Spicum
1045 3271 1146 3320 illustre
1170 3279 1263 3321 terreus
1285 3271 1384 3334 insigni

277 3345 342 3407 epulo
353 3343 649 3407 speuiteleeetilrsseelses.
681 3344 715 3392 Et
728 3345 807 3394 inter·
848 3347 1050 3411 corporesirgo.
1083 3346 1386 3397 Sedseiretleberousiu

278 3427 398 3481 pretatur
407 3419 441 3467 tle
453 3433 527 3468 coenu
545 3419 589 3466 ubi
606 3418 809 3483 modimperstor
849 3437 896 3473 usu
912 3437 971 3473 esse
989 3439 1004 3473 a
1019 3424 1161 3473 musculiue
1179 3431 1316 3488 utrumque
1336 3439 1388 3472 uu·

279 3495 370 3549 celsos,
382 3493 408 3541 id
421 3502 470 3553 est,
482 3495 583 3558 equites
601 3495 704 3558 aspicit,
720 3511 770 3546 uou
783 3495 809 3546 iu
850 3515 964 3550 merum:
981 3515 997 3550 s
1013 3509 1107 3550 neutro
1119 3514 1182 3550 reto
1201 3515 1271 3561 raro,
1280 3507 1307 3549 et
1325 3509 1388 3549 tsn-

280 3576 352 3616 seste
363 3567 514 3624 coeustoris,
526 3569 569 3616 sed
582 3570 609 3619 iu
625 3578 685 3634 toga
696 3571 807 3621 detritu:
851 3583 905 3625 turn
917 3576 1070 3637 singularem
1081 3577 1204 3636 luseuiri,
1212 3591 1271 3625 uem
1288 3577 1392 3640 plurali

280 3656 337 3692 usur
348 3643 641 3706 mmtatogsedetriue.
675 3647 809 3696 llumoss·
850 3665 976 3715 unsquem
988 3653 1085 3701 lectum
1097 3649 1154 3700 est.’
1179 3651 1393 3700 ViileNuulum.

281 3733 331 3782 qus
342 3717 454 3768 seilicet.
472 3717 535 3769 ue.
676 3728 680 3736 ’
848 3725 880 3775 Iu
899 3741 976 3776 uersu
999 3728 1105 3792 antiquo
1121 3727 1192 3790 lege,
1214 3727 1281 3790 quusi
1295 3741 1393 3777 mesum

312 3802 326 3838 s
342 3793 461 3858 Spisiurst]
480 3792 606 3858 Antiquos
623 3796 719 3848 dixisse
730 3798 756 3847 iu
768 3812 808 3848 so·
847 3816 891 3866 per
901 3803 1006 3863 memus,
1016 3805 1057 3865 iu.
1074 3801 1157 3851 idem.

281 3874 336 3923 luts
359 3874 474 3922 orstiouo
495 3873 567 3922 testis
586 3881 628 3922 est
649 3875 715 3925 Cato
734 3875 759 3925 ln
778 3891 810 3926 es
879 3875 887 3910 ¹
903 3878 1030 3942 Spistlrer]
1046 3878 1134 3928 Plsut.
1147 3877 1312 3928 inllsnaecls.
1327 3880 1395 3931 ‘Ju-

282 3963 358 4013 qusm
380 3949 470 3998 hslruit
489 3949 521 3998 de
538 3957 637 4013 septem
660 3951 812 4002 homiuibus.
852 3955 965 4019 beasque
984 3955 1101 4019 spinther
1112 3969 1206 4005 uorum
1220 3957 1399 4007 recessimus-

283 4027 337 4072 Jos.
349 4023 413 4072 Serri.
853 4029 923 4079 ries!
941 4032 1002 4080 Ast.
1015 4033 1079 4092 Aug.

316 4096 439 4160 Spielsrst]
455 4098 582 4148 Mendose
593 4101 622 4149 tls
635 4106 724 4162 septem
738 4102 811 4151 lussi-
885 4104 1012 4170 Spiutlter]
1029 4107 1130 4156 uraeels
1144 4105 1291 4172 lepsxe‘pus.
1315 4107 1399 4159 Pris-

284 4173 458 4235 situslegitur
476 4187 521 4236 pro
537 4177 566 4222 de
582 4177 661 4224 decess
676 4177 816 4239 luminibus,
856 4181 922 4230 eise.
956 4181 1042 4230 Plauti
1060 4182 1132 4232 loeus
1149 4191 1190 4235 est
1207 4199 1241 4236 es
1260 4183 1406 4238 Menneu.

286 4248 354 4300 llum
368 4261 439 4312 stepo
457 4250 524 4302 Cute
534 4251 542 4280 ‘
551 4249 584 4300 tle
603 4251 693 4303 decem
709 4253 816 4307 homiui·
857 4264 910 4307 set.
922 4269 964 4306 ιιι.
976 4271 1012 4308 se.
1023 4261 1049 4308 t.
1061 4257 1123 4310 Dus.
