2930 4870
257 373 344 440 1088
589 384 703 434 snxnt
728 383 881 432 nonnum
906 381 1012 432 nuans

257 533 400 597 Plautus
414 530 449 593 in
466 525 594 604 Casina,
611 525 760 592 Recessim
782 513 871 590 dabo'
883 547 931 590 mc
948 527 989 592 ad
1005 527 1177 611 parietem,
1200 520 1352 590 imitatae

256 651 376 714 nepam
402 627 520 712 Ncpas,
535 649 713 712 nonpurus.
737 628 844 693 Nesid
860 647 920 710 pro
932 628 1004 692 sina
1019 630 1164 711 positum
1176 627 1269 690 estin
1285 624 1354 708 tege

256 730 456 796 dedicationis
471 751 535 794 arc
556 732 678 796 Dianas
693 730 935 794 Auentinensis.
953 777 956 782 .
982 727 1140 794 Nauteam
1154 729 1200 792 ait
1216 727 1355 812 (ipsiius

256 833 425 910 Aurelius,
436 833 541 897 herbe
552 853 650 918 genus
663 853 723 896 esse
736 832 845 917 granis
859 831 969 918 nigris,
979 851 1046 914 qua
1058 832 1189 896 coriarii
1202 834 1353 904 utuntur,

256 936 344 1021 eujus
357 932 484 999 ciderio
498 955 610 997 nausea
624 931 753 998 ductum
767 951 899 1010 nomen,
912 933 992 1016 quia
1003 951 1166 998 nauseam
1175 930 1264 1006 facit,
1275 949 1353 1012 pen·

256 1037 426 1102 mutatione
453 1034 483 1098 Τ
507 1045 537 1099 et
572 1037 595 1100 S
618 1035 787 1098 literarum
810 1032 1004 1098 intermedia
1027 1031 1164 1117 antiquis
1192 1041 1351 1094 consueta.

258 1139 398 1214 Plautus
416 1139 450 1202 in
464 1136 659 1242 Artpmono:
695 1132 894 1220 Unguentum
916 1133 999 1220 quod
1018 1133 1146 1197 naribus
1168 1134 1351 1198 mulionum

256 1249 411 1308 nauteam
426 1241 561 1304 fecisset
628 1283 637 1301 .
697 1283 704 1298 .
761 1238 834 1320 [15]
894 1283 902 1298 .
961 1288 969 1304 .
1032 1239 1206 1321 lomatque
1220 1255 1351 1300 arom

256 1353 334 1406 tum.
379 1340 465 1405 Idem
483 1338 687 1404 Curculione:
712 1336 797 1402 Nam
818 1337 895 1402 odor
914 1346 1114 1424 unguentum
1132 1337 1272 1402 anniam
1282 1358 1351 1420 pra

257 1453 310 1506 tua
330 1451 444 1508 nautea
458 1453 515 1505 est.
560 1441 600 1504 In
618 1439 753 1506 Casina:
778 1441 807 1505 ei
827 1463 892 1525 pro
908 1449 1021 1507 scorto
1037 1449 1231 1524 supponetur
1247 1437 1351 1502 hircus

257 1556 365 1609 unctm
387 1555 510 1606 nautea.
556 1541 684 1608 Labco‘
708 1545 743 1607 in
765 1542 999 1628 commentario
1011 1542 1100 1626 juris
1115 1539 1271 1625 pontificii
1292 1539 1349 1616 ait,

255 1654 401 1708 nauteam
425 1643 575 1708 reebidum
600 1644 762 1728 quiddam
784 1665 854 1723 esse,
876 1665 936 1729 quo
963 1641 1150 1728 Pontficum
1168 1642 1350 1706 uestimento

256 1745 404 1832 quadam·
423 1745 588 1810 colorant.
635 1743 811 1822 Notionem,
833 1745 906 1808 item
935 1743 1022 1828 apud
1044 1743 1196 1829 antiquas,
1221 1749 1349 1818 natum,

202 1846 206 1854 ’
257 1847 396 1925 Cincius,
405 1867 500 1930 gmus
514 1846 682 1925 lominum,
696 1847 750 1932 qui
763 1869 824 1910 uon
838 1845 962 1911 aliunde
977 1857 1138 1923 oemrnnt,
1149 1845 1208 1910 aad
1218 1845 1271 1908 ibi
1283 1843 1350 1907 nati

256 1957 340 2022 sunt,
353 1945 527 2034 significare
543 1946 611 2010 ait:
632 1947 687 2032 qui
709 1958 739 2011 et
764 1950 930 2014 nationem
946 1951 995 2014 ait
1008 1970 1069 2012 aon
1089 1957 1208 2011 tantum
1221 1947 1350 2009 uniuer-

255 2051 312 2113 sa
337 2047 374 2114 se
399 2049 558 2126 omnious,
577 2055 652 2112 ses*
678 2059 712 2112 a
736 2049 773 2112 a
793 2049 1003 2134 sagunnam
1028 2071 1145 2134 quoqa
1167 2046 1350 2112 ammaus
1461 2027 1462 2072 ³

256 2153 428 2237 sejunctim
442 2150 503 2214 dici
518 2149 622 2215 solere.
668 2149 796 2215 Sinnius
811 2161 914 2214 autem
931 2149 1060 2236 Capito,
1082 2149 1278 2217 omniafere
1298 2171 1350 2234 ge·

255 2275 329 2316 nera
341 2253 496 2317 hominnm
505 2253 713 2335 persentientes
727 2251 836 2330 dividi,
850 2264 884 2318 ut
902 2252 1008 2318 Cures
1028 2254 1169 2318 Sabinos
1184 2249 1350 2327 Hernicos,

258 2353 387 2438 Equos,
401 2356 473 2418 item
502 2353 630 2418 Volscos.
675 2353 715 2417 In
741 2355 876 2438 pecorib.
901 2377 1036 2440 quoque
1057 2358 1163 2420 bouus
1183 2363 1351 2438 prouentus

245 2451 375 2538 saura,
391 2454 469 2519 bona
486 2457 572 2520 natio
584 2455 708 2521 dicitum
738 2456 940 2522 Nautiorum
955 2456 1077 2522 familia
1089 2478 1108 2517 a
1128 2453 1272 2539 Trep'anis
1286 2454 1352 2517 ori·

256 2553 340 2618 unda
356 2565 420 2618 est:
442 2577 513 2619 nam
519 2555 593 2642 fnit
607 2576 719 2622 corum
733 2559 893 2642 princeps
911 2557 1040 2638 Nautes,
1050 2559 1104 2644 qui
1116 2556 1250 2621 Romam
1262 2555 1352 2620 detu-

256 2652 294 2717 lit
306 2654 502 2720 simulacrum
518 2676 647 2722 aeneum
664 2659 826 2738 Minerva,
849 2662 899 2724 cui
916 2671 1022 2744 postca
1043 2659 1153 2724 Nautii
1167 2658 1356 2723 sacrificare

256 2756 348 2820 soliti
375 2767 453 2824 sunt.
505 2755 591 2821 Unde
615 2757 683 2842 ipsa
706 2781 824 2846 quoqne
850 2757 920 2824 Dea
945 2759 1066 2824 Nautio
1088 2761 1280 2824 anabaust*
1307 2760 1353 2822 de

255 2875 364 2922 causa.
409 2857 479 2923 Alii
508 2859 591 2944 quod
612 2859 685 2925 duce
713 2858 819 2925 Nautc
842 2862 934 2926 acciti
959 2863 1152 2944 conductiq.
1178 2881 1200 2924 a
1228 2859 1357 2926 Brittiis

255 2958 367 3023 milites
379 2958 507 3046 fecerint
534 2961 576 3024 ad
602 2959 783 3027 Messanam
811 2961 1075 3047 oppugnandam,
1098 2971 1204 3026 contra
1226 2981 1306 3046 qaas
1336 2982 1356 3022 a

257 3059 377 3126 Senatu
391 3063 432 3126 u't
446 3065 567 3128 missus
583 3064 623 3128 1..
640 3063 797 3130 Caecilius
815 3063 981 3128 Metellus:
1003 3063 1140 3149 quicum
1160 3061 1284 3126 abillis
1306 3066 1356 3124 e'n«

255 3164 410 3230 teriactus
425 3170 524 3242 esset,
539 3165 634 3229 missi
650 3164 693 3228 od
706 3163 900 3252 cosfuerunt
915 3167 1145 3250 expostulatum
1161 3165 1205 3230 de
1221 3165 1357 3229 foedera

255 3263 378 3330 violato
393 3264 489 3350 legati
589 3313 597 3330 .
687 3312 695 3329 .
783 3312 791 3329 .
892 3285 945 3344 us,
964 3268 1002 3333 P.
1017 3268 1190 3346 Veturius,
1206 3268 1265 3350 qni
1284 3285 1364 3328 cum

253 3607 303 3717 mu
319 3601 445 3652 teet-³
461 3602 482 3654 t.
494 3619 509 3652 e
520 3606 563 3655 tac
583 3606 658 3656 trium
675 3609 742 3658 euim
758 3609 892 3660 literarum
913 3609 1025 3673 epatium
1037 3608 1217 3673 inexemplum
1229 3608 1370 3661 relietum

750 3786 858 3838 Nom

285 3893 298 3928 ἅ
315 3891 387 3956 Neci]
405 3893 458 3944 Lex
469 3893 639 3946 dedicationis
653 3912 706 3949 eree
717 3900 779 3950 Dte·
820 3911 901 3949 ensa.
916 3911 1031 3948 nunnus.
1050 3909 1129 3948 essu.
1144 3911 1187 3948 aa.
1204 3907 1377 3952 astutae

253 3983 295 4018 ase
307 3969 498 4034 Aeeusiueneis,
511 3972 543 4021 de
560 3989 609 4038 qus
623 3975 663 4024 tsic
676 3977 780 4039 Festus,
820 3987 925 4026 uonna.
937 3987 1045 4024 nscnu.

253 4050 327 4092 extet
339 4043 364 4091 tn
382 4045 483 4094 schedis
501 4055 615 4097 veterem
634 4049 779 4113 inscriptio·
849 4057 862 4084 θ
877 4049 966 4112 baleo]
989 4048 1119 4098 Antistiae
1130 4048 1218 4098 [tubes
1236 4049 1271 4097 iu
1284 4051 1381 4101 eou-

252 4117 357 4176 asm,tn
368 4119 459 4181 quibas
470 4129 526 4170 ests
544 4135 681 4173 cnnnvu.
694 4136 777 4175 unone
818 4125 1018 4189 mentatiojnsts
1031 4123 1165 4176 Pontifici!
1177 4125 1286 4176 citetur
1300 4129 1386 4180 suen

254 4201 332 4238 avec.
345 4204 428 4242 nunu.
446 4207 567 4247 neuneu.
586 4211 681 4250 evm.
701 4213 778 4253 uvae
817 4201 1018 4268 tn‘SpuecamJ
