2934 4864
497 385 767 436 recensurus.
1090 373 1176 438 1105

96 525 175 614 quod
186 527 218 591 in
233 547 284 602 ec,
299 533 333 592 et
348 526 467 604 triente,
483 527 561 590 ratic
571 525 678 612 sarrit
693 525 815 612 effigies,
838 531 877 592 nt
896 527 992 594 nevis
1006 531 1038 595 iu
1062 549 1142 608 asse,
1156 554 1177 594 a

98 651 157 714 qua
176 629 295 712 quidem
320 649 353 692 rc
380 627 568 712 appellatum
589 648 693 711 quoq.
716 630 847 692 ratitum
870 626 986 692 dicant.
1031 628 1176 696 Meminit

98 730 212 792 trientis
225 731 314 794 ratiti
336 730 513 804 Antonine,
533 731 586 814 qui
602 729 710 792 ratitos
730 751 766 794 ca
783 727 839 791 lcac
852 751 944 793 caasa
963 728 1025 794 dici
1042 735 1176 800 trientes

97 837 198 913 putat,
211 829 294 916 quod
307 831 385 894 rati:
398 829 567 920 appellatio
581 831 679 894 tertia
694 829 801 914 partis
822 831 907 894 assis
932 831 987 907 sit,
1002 834 1107 916 quina
1121 857 1178 898 aa·

98 943 166 1003 tere,
179 941 235 994 aut
249 931 331 994 alius
342 934 442 1012 partic
457 932 491 995 in
506 931 564 996 illa
578 933 669 1008 sic,¹⁰
692 929 752 994 sed
773 929 942 995 secandum
956 954 1127 1012 numeram,
1142 947 1178 999 at

96 1040 233 1098 sedans:
254 1051 315 1097 nea
328 1032 391 1096 bac
409 1052 442 1096 re
458 1041 555 1097 ratem
570 1031 631 1094 dici
644 1029 749 1108 colere,
764 1031 824 1093 aui
838 1029 875 1094 dc
890 1043 998 1096 rema.-
1024 1055 1063 1100 ae
1077 1037 1179 1118 legio-

96 1152 173 1198 num
187 1141 318 1198 unam¹¹
341 1154 434 1196 anam
450 1143 548 1196 ratem
572 1134 682 1196 triente
704 1131 885 1217 significet:
909 1134 1000 1216 quod
1014 1136 1048 1200 hi
1062 1137 1177 1220 pende·

96 1243 198 1296 rentur
219 1233 352 1313 idaeas,
377 1255 445 1298 cam
466 1237 550 1298 ratio
568 1254 643 1298 eum
664 1233 716 1298 bis
730 1239 910 1317 putaretur,
931 1233 1176 1319 quibsolvcada

98 1353 143 1396 re:
156 1343 266 1400 arent.
310 1335 432 1400 Βανίιῐι
447 1334 573 1419 11111191ιὶ
581 1356 642 1417 pro
655 1332 807 1397 raucitate
821 1332 972 1400 dicebant.
1016 1335 1176 1405 Plautus:

98 1434 164 1499 Ubi
179 1437 296 1519 siquid
311 1457 490 1520 pommus,
506 1434 550 1499 ad
563 1436 661 1499 ravim
671 1455 843 1518 pascamur.
887 1436 995 1500 Item:
1012 1438 1179 1524 Experju·

96 1539 200 1602 :tevi¹²
227 1537 332 1602 hercle
354 1537 455 1600 amaia
479 1534 522 1600 ad
540 1557 666 1599 raucam
687 1536 806 1600 ravim:
828 1543 861 1600 et
882 1537 915 1600 in
937 1539 1131 1607 Artemone:
1146 1550 1179 1609 et

292 1687 300 1703 .
405 1634 545 1700 Caecilius
558 1638 592 1700 in
609 1636 888 1718 Hypobolimaeo:
912 1638 1010 1702 Prius
1024 1638 1068 1703 ad
1080 1641 1179 1704 ravim

91 1741 238 1822 poscaris,
253 1761 346 1826 qaam
356 1735 531 1823 placentam
541 1739 670 1802 seceris.
715 1736 826 1800 Ratus
836 1757 920 1816 sum,
932 1739 1004 1822 [84]
1014 1742 1180 1824 significat

96 1843 223 1923 putavi,
236 1841 293 1904 sed
310 1840 446 1922 alioqui,
460 1858 520 1921 pro
535 1839 641 1914 tiemo,
656 1845 747 1900 certo
763 1838 896 1919 ponitur
905 1847 1009 1918 ratus,
1018 1849 1179 1906 atratum.

96 1940 241 2004 Ennium
267 1939 480 2016 Occiduntur,
506 1938 563 2002 ubi
579 1938 705 2020 potitur
722 1945 815 2000 ratus
834 1937 1000 2003 Romulus
1014 1940 1179 2021 praedem:

96 2045 132 2104 et
155 2041 280 2105 Accius
302 2042 336 2104 in
363 2039 581 2121 Menalippa:
613 2036 732 2119 Neque
754 2041 862 2100 retum
885 2045 947 2118 est,
966 2040 1055 2122 quod
1073 2041 1178 2120 dieas,

95 2161 173 2223 neq.
186 2161 262 2225 quae
277 2143 396 2222 agitas,
406 2139 538 2204 dicendi
553 2138 721 2202 estloens.
735 2137 779 2200 R.
791 2138 922 2202 duobus
937 2140 970 2202 iu
985 2142 1178 2224 complurib.

95 2243 273 2308 orationib.
289 2260 364 2306 eum
380 2241 421 2304 dc
433 2242 518 2306 actis
532 2240 664 2304 disserti
679 2240 773 2323 cujus
791 2241 890 2303 etiam
902 2248 925 2286 ¹³
950 2241 1109 2323 perscribi
1124 2263 1179 2307 so·

94 2345 153 2419 let,
167 2343 275 2421 idest,
290 2345 453 2408 rationum
467 2343 655 2418 relatarum,
669 2341 758 2423 quod
779 2341 831 2403 bis
843 2349 868 2388 ¹⁴
883 2342 1005 2405 tabulis
1019 2341 1179 2408 docentur

90 2443 236 2527 judiees,
251 2463 327 2526 ques
341 2441 477 2527 publice
492 2443 585 2519 data,
601 2449 670 2526 atq.
684 2447 825 2526 accepta
842 2441 920 2506 sint.
964 2441 1108 2508 Raviliae
1117 2452 1141 2490 ¹⁵
1158 2464 1179 2509 a

92 2545 187 2609 raris
203 2545 327 2609 oeulis:
350 2541 631 2626 quemadmodum
653 2543 800 2606 acaesiis
816 2541 975 2606 casulla.
1020 2542 1180 2610 Ratume-

92 2654 161 2710 na·
183 2653 281 2729 porta
305 2663 328 2709 a
348 2644 481 2708 nomine
504 2643 578 2726 ejus
601 2643 770 2727 appellata
787 2649 850 2721 est,
865 2645 922 2727 qui
937 2644 1061 2710 ludicro
1075 2653 1180 2710 certa·

92 2747 184 2811 mine
212 2744 381 2829 quadrigis
405 2745 523 2821 victor,
547 2746 692 2810 clarusci
703 2743 729 2784 ¹⁶
752 2747 877 2824 genens
897 2746 1034 2828 juvenis
1052 2747 1143 2810 vehis
1155 2755 1181 2795 ¹⁷

93 2848 317 2912 constemetis
327 2847 423 2928 equis
439 2863 603 2909 excussus
619 2844 739 2908 Minas
754 2845 862 2926 periit,
875 2847 932 2926 qui
945 2847 1024 2928 equi
1035 2845 1181 2910 seruntur

90 2967 163 3011 non
177 2955 256 3010 ante
270 2947 468 3022 constitisse,
485 2963 583 3027 quem
599 2945 808 3026 pervenirent
821 2945 854 3006 in
871 2943 1082 3027 Capitolium,
1103 2965 1182 3010 oon·

92 3055 283 3130 spectumq.
295 3046 444 3112 fictilium
460 3045 691 3128 quadrigarum
702 3051 881 3126 quaeerant
892 3045 926 3109 in
941 3045 1180 3127 sastigioJovis

91 3150 328 3232 templi„quas
350 3146 522 3211 iaciendas
541 3146 735 3211 locaverant
759 3147 903 3211 Romani
921 3147 1050 3227 vegenti
1062 3145 1085 3184 ¹⁸
1111 3149 1181 3212 cui·

81 3249 176 3333 ,dam
203 3249 284 3312 artis
307 3247 451 3328 figulinae
475 3243 643 3328 prudenti:
662 3265 738 3330 quoe
761 3247 847 3312 bello
866 3255 945 3312 sunt
966 3249 1181 3330 reciperatae:

90 3348 180 3433 quie
201 3349 233 3413 in
255 3348 390 3412 tornaco
410 3347 495 3412 adeo
517 3355 697 3425 creverant,
719 3355 756 3412 ut
777 3349 879 3412 eximi
903 3350 1090 3431 nequirent:
1113 3349 1179 3434 idq.

89 3449 279 3534 prodigium
295 3447 492 3531 portendere
504 3447 692 3524 videbatur,
703 3449 737 3511 in
751 3469 816 3532 qua
826 3451 960 3514 civitate
969 3469 1019 3514 oce
1033 3447 1181 3538 luissent,

91 3551 245 3615 omnium
267 3567 341 3614 eam
355 3548 498 3612 suturam
520 3549 794 3632 potentissimam.
837 3549 1053 3633 Reciperatio
1069 3558 1118 3618 est
1134 3556 1183 3631 (nt

581 3743 728 3766 tuocum

126 3883 160 3928 10
177 3873 388 3940 finierit-ll
401 3872 420 3923 f.
435 3873 505 3938 legib.
517 3877 675 3928 Nam-12
692 3876 713 3927 1.
723 3875 929 3940 caparacie—1:
946 3874 1182 3939 tidieuriturcujur·

82 3945 234 4010 prm-rr
252 3937 270 3988 t'.
282 3939 381 3988 ita-lt
398 3937 419 3986 1.
432 3937 609 3991 usaue-rc
624 3940 823 3992 f.scmct-1r
839 3938 858 3989 1.
874 3940 1011 3990 Velia-18
1027 3939 1046 3988 1.
1061 3941 1161 3992 Veienti.

589 4095 699 4148 NOTAE

186 4227 198 4251 ε
211 4213 357 4277 Μυκη]
366 4199 434 4264 Vide
445 4213 557 4266 Plinium
565 4212 609 4262 lib.
618 4225 682 4261 vrri.
693 4225 749 4276 cap.
760 4216 800 4263 tt.
812 4218 838 4262 et
851 4210 893 4262 lib.
906 4221 989 4261 xvrrr.
1000 4223 1057 4275 cap.
1068 4213 1091 4258 2.

156 4297 252 4359 Debai.
264 4299 289 4345 ct
301 4293 359 4346 Va.
369 4293 434 4344 Clas.
557 4293 640 4354 Pomp.
652 4291 718 4341 Fert.
1063 4291 1079 4337 4
1096 4289 1120 4338 Α
