2934 4864
284 335 369 404 1124
614 349 729 398 snxrr
745 347 908 404 aoursrr
933 343 1040 396 rosor

279 496 369 560 nium
387 491 463 560 'iere
489 491 625 576 cample
648 491 768 592 volqot,
791 500 827 554 ut
850 488 942 554 rodus
966 489 1096 555 siccum
1120 487 1310 570 significate
1328 511 1369 552 u·

279 594 353 660 dum
365 597 446 658 eninr
460 595 551 680 quw
562 593 700 672 wadum,
710 592 746 656 id
758 602 820 672 est,
837 595 908 657 sine
924 592 1003 672 ude,
1016 597 1056 656 nt
1065 610 1212 669 securus,
1228 590 1294 654 siae
1306 611 1368 654 cure
1451 591 1457 659 Δ

280 695 397 760 dictim
412 705 467 758 eet.

281 793 438 874 Sublesto,
462 795 585 880 antiqui
608 793 766 858 dicebant
789 792 928 872 infima,
952 804 982 856 et
1006 793 1122 858 tenum.
1168 793 1369 860 Plantnsin

279 898 406 964 Perse:
429 895 590 978 Adnue]
613 901 844 980 paupertatem
870 897 1106 978 siimmigrant
1127 895 1291 973 infamia,
1308 915 1371 977 gra·

280 1001 354 1066 rior
365 1005 548 1082 paupertas
564 997 614 1072 fit,
626 997 708 1062 fides
721 998 921 1063 sublestior:
943 997 977 1062 id
995 1004 1059 1072 est,
1073 997 1245 1064 infirmior.
1285 997 1369 1062 Iden

278 1101 315 1165 in
351 1099 553 1166 Neruolaria
581 1101 694 1165 viuum
723 1100 772 1164 ait
799 1098 1089 1176 sublestissimum,
1118 1101 1198 1183 quia
1227 1097 1370 1162 infirmos

279 1201 385 1268 iaciat
398 1202 453 1267 rel
468 1220 616 1284 corpore,
630 1200 681 1266 vel
695 1200 814 1264 animo.

278 1304 389 1383 Satur,
420 1310 453 1369 et
480 1305 541 1382 vir,
576 1310 612 1366 et
642 1319 721 1366 caro
743 1319 811 1364 non
839 1300 972 1363 habent.
1024 1299 1252 1382 supellectilis
1279 1314 1370 1366 recto

281 1425 377 1482 casu,
405 1411 438 1470 et
461 1406 553 1470 senis
585 1404 708 1468 ratione
736 1400 939 1478 dicebantur,
971 1420 1049 1484 quse
1083 1421 1170 1466 nnnc
1206 1403 1370 1468 contraria
1456 1391 1457 1398 '

277 1507 435 1592 videntur
447 1525 522 1570 esse
545 1504 684 1568 finitioni
697 1503 861 1585 portionis
873 1509 907 1566 ε*
928 1504 1009 1587 quia
1022 1504 1134 1567 omnia
1149 1503 1329 1582 rambula,
1344 1519 1368 1568 x

279 1607 375 1673 litera
404 1607 509 1676 finita,
529 1623 590 1688 per
612 1603 853 1670 declinationes
873 1604 1085 1688 obliquorum
1107 1623 1248 1670 casuum
1270 1605 1380 1689 sylla-A

280 1710 357 1773 bam
374 1708 564 1791 accipiunt:
587 1705 661 1770 hoec
681 1711 790 1770 autem
805 1705 871 1769 duo
885 1705 1100 1770 desciverunt
1124 1709 1168 1770 ab
1182 1727 1235 1784 es,
1251 1713 1291 1771 ut
1304 1707 1370 1770 alte

283 1810 478 1892 compium,⁵
493 1827 571 1894 quse
585 1826 648 1872 non
664 1806 742 1871 ideo
757 1806 919 1871 infirmare
933 1808 1056 1872 debent
1069 1816 1281 1892 praeceptum.

280 1909 410 1976 Scurrae
442 1909 645 1976 vocabulum
677 1908 813 1972 Verrius
840 1909 1053 1992 ineptissime
1084 1917 1145 1974 ant
1176 1928 1220 1973 ex
1247 1909 1372 1976 Graeeo

280 2019 424 2078 tractum
448 2012 508 2092 pit,
531 2010 621 2096 quod
643 2018 698 2075 est
719 2009 955 2093 schypoazain,
978 2016 1036 2075 sut
1057 2031 1079 2075 a
1108 2011 1293 2094 sequendo,
1319 2012 1374 2076 cui
1458 2039 1459 2088 ;

280 2115 386 2194 magis
407 2115 602 2190 adsentitur,
624 2111 714 2197 qood
738 2119 773 2174 et
796 2113 965 2176 tenuiores
987 2112 1130 2178 tortuose
1153 2113 1317 2193 hominos,
1339 2119 1374 2176 et
1458 2119 1459 2204 l

282 2217 383 2280 ceteri
393 2215 536 2300 alioqui:
552 2216 610 2298 qui
625 2213 757 2284 honoris
768 2214 875 2294 gratia
885 2221 1162 2297 prosequerentur
1170 2217 1375 2299 quempiam,

281 2335 350 2380 non
366 2317 576 2392 antecedere,
591 2313 653 2379 sed
667 2314 762 2396 sequi
789 2313 858 2380 sint
871 2313 984 2389 soliti:
1008 2316 1090 2398 quia
1104 2315 1268 2381 videlicet
1282 2317 1375 2380 diost

280 2415 440 2480 munus.
484 2414 664 2482 Cornelius
686 2414 727 2479 P.
742 2422 856 2482 noctu
878 2414 1183 2497 Scipiadasdicto,
1207 2427 1374 2502 tempusq.

282 2517 448 2601 intorquet
462 2517 496 2580 in
510 2517 622 2599 ipsum
633 2518 694 2590 oti,
706 2521 740 2581 et
753 2517 897 2594 deliciis,
911 2517 980 2582 loci
995 2516 1123 2594 efficta,
1139 2525 1212 2603 atq.
1226 2520 1376 2584 cioaedot
1458 2555 1459 2598 q

284 2625 319 2680 et
335 2619 494 2682 sectatori
517 2617 604 2683 adeo
625 2618 693 2699 ipsi
721 2636 794 2694 sno,
814 2637 880 2700 quo
903 2618 1028 2684 rectius
1049 2617 1154 2682 dicas.
1200 2619 1277 2684 lbet
1287 2619 1380 2683 torte

280 2718 426 2796 domum,
453 2720 623 2804 sequimur
651 2717 774 2795 multi,
791 2727 861 2800 atq.
886 2717 1099 2800 trequentes:
1129 2739 1211 2784 cnm
1240 2725 1381 2784 secutos
1458 2757 1459 2780 r

282 2820 389 2886 videri
404 2820 496 2898 velit,
511 2823 555 2885 cb
570 2841 680 2886 eorum
689 2820 811 2904 jurgia,
827 2839 890 2884 noo
905 2823 949 2884 ob
965 2820 1137 2886 adsuetum
1154 2821 1316 2886 officium.

281 2923 373 3005 [105]
395 2922 513 3000 Secus,
534 2920 677 3004 Valgius
692 2929 790 3005 putat
809 2940 854 2986 ex
870 2920 1002 2992 Graeco,
1017 2922 1108 3004 qnod
1132 2928 1194 3000 ast,
1217 2929 1287 2996 ἑκὰς
1312 2925 1386 2989 dic·
1458 2969 1459 2976 ,

280 3030 370 3089 tom:
392 3023 536 3088 absurde
550 3023 695 3089 scilicet:
720 3023 887 3106 significat
904 3024 993 3088 enim
1009 3031 1120 3108 aperte
1135 3025 1248 3103 aliter,
1262 3046 1389 3092 exem-

280 3126 347 3208 plis
361 3125 505 3188 omnium
521 3124 600 3202 iere,
622 3126 680 3208 qui
701 3143 907 3192 eamrocem
929 3133 1103 3208 usurpant.
1146 3125 1279 3209 Stipem
1304 3147 1390 3193 esse

280 3245 452 3290 nummum
474 3225 653 3306 signatum,
675 3225 868 3290 testimonio
889 3230 943 3289 est
967 3226 1065 3294 etde
1086 3245 1128 3289 eo
1149 3225 1257 3308 quae⁶
1279 3227 1395 3294 datur

279 3327 479 3410 stipendium
505 3328 613 3404 militi,
628 3332 663 3392 et
685 3347 759 3392 cum
785 3325 966 3410 spondetur
989 3327 1143 3410 pecunia,
1158 3326 1254 3410 qnod
1269 3330 1398 3414 stipo·
1458 3335 1459 3350 *

279 3427 345 3492 lari
360 3428 491 3493 dieitur.
522 3429 687 3494 Sobrinus
700 3437 765 3506 est,
781 3435 819 3494 ut
834 3429 881 3492 ait
895 3425 1028 3492 Gallius
1045 3428 1169 3506 AElins,
1184 3431 1299 3512 patris
1319 3435 1400 3496 mei

282 3531 474 3595 consobrini
489 3531 588 3607 tilius,
602 3537 636 3594 ot
651 3531 763 3594 matris
777 3549 861 3594 mete
876 3531 1088 3594 consobrinos
1103 3530 1214 3594 filius:
1236 3531 1403 3598 foemina

279 3630 399 3695 iisdem
421 3631 465 3695 de
481 3633 594 3696 causis
610 3629 762 3714 appellat
774 3629 919 3708 tratrem,
932 3638 965 3697 et
978 3631 1111 3695 tratrem
1133 3629 1349 3714 patruelem,
1365 3647 1404 3700 et

282 3733 529 3810 consobrinum,
549 3741 584 3798 et
610 3735 748 3817 propius
772 3733 997 3811 consobrino,⁷
1022 3741 1055 3798 et
1075 3733 1237 3797 sobrina:
1278 3735 1409 3802 iidem

282 3836 403 3919 gradus
424 3837 457 3900 in
479 3835 612 3901 sobrina
627 3854 728 3918 quoq.
744 3843 831 3898 suot.
874 3834 1048 3898 Sororium
1063 3833 1209 3916 tigillum
1226 3839 1410 3919 appelle·

737 4005 913 4024 mm

315 4111 331 4154 t
355 4107 374 4156 i.
390 4108 605 4171 proportionis-4
622 4106 642 4156 f.
662 4108 711 4156 olio
727 4110 901 4172 cumpinum-6
917 4105 936 4156 f·
955 4105 1130 4168 tequea-⁷
1146 4103 1164 4156 f.
1182 4108 1305 4160 wrm..
