2930 4870
513 406 787 456 rnnonnsnun.
1108 394 1192 460 1081

107 549 195 614 dicat
208 567 293 623 esse,
305 551 339 612 nt
349 567 422 612 cnm
436 552 550 611 essent
563 548 727 628 designati
744 568 765 611 a
775 549 1017 630 prerogativis,
1026 550 1058 614 in
1073 567 1196 613 sermo-

105 671 174 714 nem
189 671 240 713 res
257 652 379 714 veniret
393 649 508 732 populi
520 650 561 712 de
577 650 697 732 dignis,
713 649 906 731 indignisve,
919 656 951 714 et
963 651 1079 715 fierent
1091 652 1196 714 ceteri

106 751 329 833 diligentiores
344 749 386 814 ad
403 749 559 831 suffragia
574 751 616 814 de
632 751 685 814 his
706 751 850 816 terenda.
894 750 1066 815 Peculium
1082 771 1197 816 servo·

105 871 174 914 rum
205 872 227 916 a
254 871 374 934 pecore
399 852 481 914 item
507 852 717 928 dictumest,
744 858 780 915 ut
801 860 869 914 ex⁹
890 853 1037 935 pecunia
1063 863 1195 935 patrum

105 953 251 1017 familiae.
297 952 405 1018 Puelli
433 971 493 1035 per
520 952 771 1016 diminutionem
801 973 823 1016 a
852 953 964 1034 pneris
991 953 1073 1015 dicti
1100 960 1196 1018 sunt:

107 1054 217 1136 itaque
232 1060 265 1116 et
281 1053 406 1116 Ennius
421 1053 489 1118 ait:
512 1051 613 1116 Poeni
627 1053 717 1116 soliti
744 1071 823 1116 suos
845 1052 1029 1116 sacrificare
1044 1053 1196 1134 puellos:

105 1164 138 1218 et
152 1153 323 1219 Lucilius:
348 1154 499 1237 Cumque
514 1154 568 1218 hic
586 1162 650 1218 tam
663 1154 833 1218 t'ormosus
848 1153 959 1231 homo,
976 1174 1016 1218 ac
1031 1159 1064 1218 te
1080 1154 1195 1237 dignus

106 1256 248 1338 puellus.
292 1254 335 1318 Et
360 1254 528 1318 Plautus:
552 1253 641 1318 Olim
665 1256 739 1320 huic
762 1257 874 1338 puello
897 1275 973 1320 sese
993 1276 1112 1320 venum
1135 1257 1196 1319 du·

107 1356 183 1420 cier-
236 1355 580 1420 Praeciamitatores¹⁰
607 1356 765 1422 dicuntur
792 1359 848 1440 qni
882 1358 1060 1426 Flaminio.
1090 1358 1196 1435 Diali,

108 1456 284 1534 Quirinali,
307 1456 455 1520 Martiali
480 1456 676 1521 antecedent
688 1465 710 1496 ¹¹
727 1458 919 1522 exclamant
933 1458 1024 1522 seriis
1037 1459 1197 1540 publicis,

105 1566 140 1623 nt
158 1559 308 1630 homiues
334 1558 523 1622 abstineant
537 1577 573 1621 se
595 1567 722 1641 opere,e
737 1561 818 1643 qnia
841 1559 893 1624 bis
913 1577 1000 1644 opus
1020 1561 1197 1626 facientem

103 1660 213 1724 videre
228 1661 417 1741 religiosum
435 1665 497 1724 est.
542 1659 671 1724 Pedum
695 1671 747 1726 est
762 1662 898 1744 quidem
918 1661 1073 1725 baculum
1089 1661 1198 1726 incur·

106 1779 198 1838 rum,
213 1779 281 1842 qno
294 1765 449 1843 pastores
466 1767 601 1825 utuntur
618 1760 662 1825 ad
684 1761 1010 1846 comprehendendas
1024 1781 1118 1839 oves,
1140 1771 1198 1829 aut

103 1881 239 1946 capras,
254 1881 275 1926 a
288 1862 450 1945 pedibus:
474 1862 571 1945 cujus
589 1870 660 1926 m.¹²
675 1865 775 1928 etiam
784 1862 947 1945 Virgilius
962 1863 996 1927 in
1011 1863 1192 1937 Bucolicis,

106 1985 183 2027 curn
198 1963 266 2028 ait:
289 1962 336 2028 At
350 1974 384 2028 tn
399 1983 492 2028 sume
509 1964 650 2046 pedum:
673 1964 733 2028 sed
753 1966 789 2029 in
814 1984 856 2030 eo
876 1983 985 2042 versu,
1001 1967 1059 2047 qui
1085 1971 1136 2028 est
1161 1965 1195 2027 in

104 2065 282 2148 Iphigenia
295 2066 401 2130 Enni:
425 2065 581 2130 Procede
599 2065 748 2149 gradum,
767 2065 912 2148 proferre
931 2065 1064 2148 pedum,
1082 2065 1198 2142 nitere,

101 2170 245 2232 cessasl
268 2167 303 2232 id
328 2169 438 2250 ipsum
461 2168 612 2252 jaculum
624 2176 646 2216 ¹³
671 2168 860 2253 significari,
884 2186 958 2232 cum
982 2167 1031 2231 ait
1045 2166 1196 2241 Verrius,

99 2269 218 2332 mirari
247 2271 330 2332 satis
353 2287 421 2332 non
442 2288 598 2351 possum:
621 2289 695 2335 cnm
720 2271 763 2334 sit
784 2270 866 2334 ordo
889 2271 977 2344 talis,
994 2275 1027 2332 et
1046 2287 1107 2351 per
1121 2287 1196 2331 eum

100 2367 303 2449 significatio
318 2377 446 2453 aperta,
463 2369 601 2450 gradum
617 2370 761 2453 proferro
776 2371 899 2455 pedum
916 2371 1059 2435 cessasl
1081 2370 1196 2433 nitere.

98 2469 198 2532 Pone
214 2471 305 2550 gravi
321 2489 404 2534 sono
420 2471 545 2554 antiqui
561 2474 734 2536 utebantur
749 2471 878 2556 prologi
892 2477 920 2520 ¹4
942 2469 1196 2555 significatione.

98 2569 174 2634 Sed
191 2573 398 2654 praeicientes
412 2570 486 2654 [58]
503 2573 659 2638 vocabuli
704 2617 1194 2637 ......

203 2817 213 2836 .
303 2773 446 2850 Perimit,
459 2772 581 2852 adimit,
607 2774 703 2840 tollit.
752 2774 839 2840 Unde
860 2786 890 2839 et
910 2787 1077 2860 peremtus,
1102 2774 1197 2838 inter·
1274 2781 1280 2788 '

86 2873 213 2960 fectus.
258 2875 342 2939 Pure
371 2875 490 2940 lantum
515 2875 640 2962 urrtr'qur'
665 2874 818 2954 dicebant,
841 2898 923 2961 oqrru
943 2897 1029 2960 puro
1057 2877 1197 2941 lavatum

770 2979 808 3041 iti
896 3023 904 3038 .
991 3023 999 3040 .
1088 3022 1095 3039 .
1187 3019 1195 3038 .

202 3124 211 3141 .
301 3075 392 3142 Para
419 3081 601 3144 vestimento
633 3077 802 3143 sacerdotes
821 3075 932 3162 populi
946 3073 1103 3155 *Romani
1128 3097 1196 3140 cum

92 3175 335 3257 sacrificabunt,
350 3178 461 3244 labem
475 3178 558 3243 soliti
572 3189 672 3258 erunt,
687 3178 787 3258 idest,
801 3201 862 3242 noo
877 3178 992 3257 obsito,
1006 3199 1066 3242 oon
1077 3176 1196 3264 folgu-

92 3290 189 3358 rotu,
205 3279 414 3367 nortfunerto,
431 3303 492 3346 rrorr
513 3279 683 3359 maculato,
697 3302 741 3346 ex
757 3283 816 3347 hoc
832 3303 923 3344 consu
990 3323 998 3339 .
1088 3325 1095 3340 .
1186 3324 1195 3342 .

603 3401 690 3447 voca

587 3523 597 3544 .
707 3478 889 3560 Proculeio,
900 3491 1076 3566 prouocato,
1090 3492 1119 3545 et
1134 3502 1195 3567 pro

92 3585 211 3649 citato
226 3583 318 3647 eriam
346 3584 493 3669 usurpari
518 3583 602 3648 solet.
646 3581 884 3670 Prusericulum
905 3605 958 3648 our
980 3605 1105 3650 aeneum
1128 3584 1195 3648 sine
1265 3673 1270 3682 ι

131 3868 150 3912 9
168 3859 189 3912 f.
205 3864 304 3910 er.-ttt
320 3859 340 3910 t.
357 3863 634 3924 permutares-tt
653 3862 673 3914 t.
690 3865 924 3915 numerantes-12
942 3861 961 3914 t'.
980 3863 1158 3914 meminit-tt
1175 3861 1195 3914 t'.

92 3929 284 3979 nnuman
303 3924 321 3976 f.
333 3927 387 3975 lori·

598 4058 703 4109 NOTAE

130 4163 144 4190 ⁰
165 4155 202 4204 Ut
213 4151 317 4202 lorrirrr
328 4152 583 4217 nortmtuopm]
599 4153 632 4204 ln
672 4152 925 4220 emundatam&

89 4228 250 4294 exemplari
267 4229 342 4292 plane
361 4235 411 4292 ert,
431 4233 458 4280 ut
478 4229 582 4280 lomina
604 4229 633 4280 nt
