2934 4864
488 359 760 412 antennarum.
802 344 803 351 ’
1083 348 1167 416 1151

87 501 202 578 carnis,
215 499 343 586 proprii
358 501 534 586 enjusdam
548 503 694 582 babitus,
709 521 806 582 exos,
826 524 893 589 qna
917 497 1014 572 e'tiam
1041 508 1168 592 antiqui

85 624 139 686 per
151 625 186 668 se
201 605 386 668 utebantur.
432 605 575 670 Phntus
590 605 821 672 enumerandis
835 609 940 673 villis¹
964 609 1116 673 obsoniis
1132 613 1166 676 iu

86 705 284 770 Carbonaria
308 707 358 769 sic
379 726 424 769 m.
469 705 541 789 Ego
558 725 706 790 pernam,
729 727 858 785 sumen,
883 727 995 773 sueres
1012 710 1167 792 spectile,

84 807 230 890 galium,¹
243 806 389 888 glandia.
435 807 543 892 Spicit
562 827 662 891 quoq.
678 811 750 873 sino
765 811 1002 892 praepositione
1015 811 1168 877 dixerunt

85 908 221 992 antiqui.
266 908 431 973 Plautus:
457 910 633 992 Flagitium
658 917 721 987 est,
748 912 777 974 si
807 912 884 976 nibil
910 914 1071 990 mittetur,
1093 931 1167 995 quae

85 1010 266 1092 superclio³
291 1012 402 1094 spicit,
418 1017 452 1075 et
470 1013 594 1094 spexit.
637 1011 765 1076 Ennius
786 1013 809 1075 l.
826 1028 878 1078 vr.
922 1011 1020 1090 Quos
1033 1014 1094 1077 nbi
1107 1031 1167 1077 rex

274 1160 281 1175 .
369 1114 425 1177 nlo
440 1113 556 1195 spexit
569 1112 611 1177 de
623 1115 761 1177 contib.4
774 1110 896 1178 celsis!
922 1113 1094 1198 Spirillum
1108 1133 1167 1179 vo-

83 1213 149 1278 cari
170 1214 218 1277 ait
235 1211 370 1296 Opilius
386 1213 542 1278 Aurelius
564 1231 676 1296 caprae
705 1215 852 1278 barbam.
895 1215 1092 1298 spintyrnix
1115 1222 1168 1280 est

83 1317 152 1380 aris
164 1335 268 1397 genos
284 1315 388 1398 turpis
410 1315 500 1397 [141]
522 1313 654 1396 figurae:
677 1317 885 1380 occursatrix
901 1316 1078 1392 artificum,
1094 1335 1167 1399 per·

81 1418 150 1480 dita
164 1417 352 1499 spinturnix
367 1435 407 1481 oa
422 1417 543 1481 Graece
559 1415 679 1480 dicitur
692 1423 746 1495 (ut
760 1419 807 1480 ait
820 1416 971 1498 Santra)⁵
996 1420 1167 1482 ΣΠΙΝΘΑ-
1286 1446 1290 1492 2

81 1523 156 1581 ΗΣ.
201 1519 341 1600 Spicum
359 1516 543 1582 masculine
560 1517 687 1600 antiqui
703 1517 918 1592 dicebaut-ut
929 1518 1013 1581 bunc
1029 1519 1167 1603 stirpem

79 1627 112 1682 et
137 1619 222 1682 hanc
249 1636 397 1682 amnem:
420 1635 536 1683 versus
561 1627 614 1681 est
636 1617 811 1701 antiquus:
833 1615 941 1694 Quasi
964 1637 1091 1684 messor
1107 1638 1168 1702 per

80 1721 212 1784 messim
228 1737 455 1801 ununquemq.
478 1719 607 1802 spinum
627 1719 770 1800 collegit.
815 1717 937 1799 Speres
952 1720 1079 1801 antiqui
1095 1719 1169 1802 plu·

77 1820 192 1884 rulitcr
207 1820 371 1897 dicebant,
388 1828 425 1884 ut
440 1818 563 1884 Ennius
585 1819 644 1883 lib.
661 1837 699 1882 rr.
745 1818 790 1882 Et
807 1818 905 1881 simul
919 1818 1034 1900 ello-git
1049 1837 1168 1903 speres

77 1922 123 1983 ita
136 1919 291 1986 sunditas
307 1927 456 1985 nostrus:
479 1921 687 1986 etlib.xv1.
730 1919 858 2001 Spero:
882 1919 912 1982 si
937 1936 1053 2002 speres
1075 1922 1168 2003 quic·

76 2037 174 2104 qnam
201 2022 363 2106 prodesse
387 2023 476 2105 potis
501 2027 587 2085 sunt.
631 2019 767 2102 Speotio
785 2019 818 2082 in
837 2020 1020 2100 auguralib.
1037 2020 1169 2102 ponitur

76 2139 137 2203 pro
154 2126 365 2208 aspectione,
384 2134 418 2190 at
433 2123 607 2188 nuntiatio.
620 2119 723 2205 quia⁶
740 2137 838 2185 omne
850 2122 910 2203 jus
927 2136 1095 2186 sacrorum
1109 2123 1169 2187 ba-

74 2222 155 2287 bent
166 2222 332 2306 Augurib.
348 2226 478 2308 spectio
490 2225 676 2299 dumtaxat,
688 2235 825 2304 quotum
842 2221 985 2285 consilio
999 2241 1065 2287 rem
1081 2243 1169 2308 gere-

74 2335 149 2388 rent
164 2327 397 2406 magistratus,
412 2345 477 2390 uon
491 2333 530 2390 ut
545 2333 686 2409 possent
700 2323 862 2406 impedire
883 2324 1074 2403 nuntiando,
1090 2344 1166 2409 qum

73 2444 153 2490 cum
170 2427 334 2492 vidissent
356 2429 451 2505 satis,
473 2427 603 2511 spectio
628 2429 699 2491 sine
720 2426 924 2490 nuntiatione
945 2424 1025 2490 data
1046 2435 1109 2506 est,
1132 2437 1170 2494 ut

72 2526 142 2607 ipsi
167 2527 325 2610 auspicio
350 2545 418 2590 rem
443 2533 602 2608 gererent,
617 2543 684 2591 non
707 2535 743 2591 nt
763 2527 846 2590 alios
869 2527 1069 2610 impedirent
1089 2545 1171 2593 nuu-

70 2628 203 2691 tiando.
248 2627 487 2710 scripturarius
512 2647 589 2712 ager
607 2630 760 2712 publicus
773 2629 974 2710 appellatur,
991 2627 1027 2690 in
1046 2647 1114 2713 quo
1135 2637 1171 2694 nt

68 2747 206 2808 pecora
220 2739 406 2812 pascantur,
421 2736 545 2793 eertum
561 2751 609 2795 aes
624 2737 693 2796 est:
710 2731 791 2814 qnia
807 2729 1007 2812 publicanus
1023 2731 1170 2798 scriben-

69 2831 116 2894 do
133 2831 274 2896 conficit
288 2833 451 2896 rationem
466 2851 543 2896 oum
557 2839 703 2915 pastore,
723 2831 857 2895 Scribas
877 2831 1014 2911 proprio
1037 2833 1169 2894 nomine

69 2933 223 3016 antiqui,
238 2938 273 2995 et
286 2932 451 3008 librarios,
468 2939 504 2996 et
518 2932 639 3014 po'etas
654 2931 832 2994 vocabant.
855 2936 890 2992 at
911 2946 997 2992 nnnc
1018 2928 1171 2994 dicuutur

68 3132 229 3198 tabulis:
253 3134 335 3218 itaq.
353 3153 429 3198 cum
444 3131 563 3196 Livius
578 3129 790 3195 Andronicus
805 3127 895 3193 bello
912 3121 1042 3193 Punico
1056 3147 1171 3195 secun·
1203 3217 1207 3225 Ι

66 3234 113 3298 do
129 3235 329 3300 scribsisset
344 3253 485 3308 carmen,
501 3233 593 3316 quod
610 3251 630 3295 a
652 3223 804 3313 'virginib
827 3238 881 3293 est
897 3237 1076 3306 cantatum,
1091 3231 1170 3314 quia

63 3334 277 3418 prosperius
292 3353 377 3416 resp.
393 3333 509 3418 populi
525 3333 570 3398 R.
585 3335 652 3416 geri
668 3339 785 3415 ooepta
799 3337 863 3408 cst,
876 3331 1009 3414 publice
1025 3331 1172 3396 adtribu-

541 3527 690 3550 numen
693 3526 720 3547 ‘O

102 3663 117 3707 1
141 3656 162 3708 f.
182 3658 317 3710 naara-n
333 3617 502 3710 baalim-8
520 3658 540 3707 f.
551 3658 732 3722 supercitia-t
744 3655 763 3708 f.
773 3657 917 3709 montib-d
934 3654 1027 3722 ().—d
1042 3656 1114 3724 utto,
1124 3661 1173 3722 qni.

577 3833 685 3887 NOTAE

99 3959 112 3984 ⁸
133 3949 248 4014 speria]
265 3949 357 4014 Varro,
372 3951 480 4002 ‘Sacris
495 3950 611 4002 suomi·
650 3948 728 4013 spexit
738 3950 766 3998 de
776 3947 894 3997 montibu
903 3947 979 3998 ealda.
1000 3947 1032 3996 lu
1045 3950 1175 4014 exampla-

60 4023 206 4088 neejns.'
652 4025 674 4073 ri
696 4031 770 4075 certe
792 4032 848 4075 eut:
874 4024 940 4081 Ques
959 4023 1000 4072 abi
1021 4030 1175 4078 ree....nte

103 4097 115 4132 ¹
131 4097 234 4161 Celeia]
252 4099 325 4147 Ennii
338 4112 438 4148 versum
456 4098 612 4162 Pomponius
651 4099 729 4163 spexit
740 4097 979 4148 demutibmetsia:
996 4105 1026 4150 ut
1035 4101 1123 4164 adalo,
1135 4103 1176 4153 tal

59 4177 173 4226 Latus
187 4173 223 4224 ita
234 4173 345 4237 tegebat,
363 4174 427 4229 Quor
437 4173 477 4222 ali
496 4188 540 4224 res
551 4175 612 4222 altro
650 4175 730 4240 perh,
742 4173 878 4240 legendum
893 4176 936 4226 stt.
