2880 4862
233 409 279 458 ur
304 409 511 460 νιιιιοιυιι
528 341 843 460 ἐιιιιιιιιιιιιιοιιι
866 411 940 460 ιιι.
964 409 1063 460 xvrr.
1120 393 1187 462 835

134 561 184 618 ter
198 574 295 618 usum
310 552 463 635 unguenti
484 552 604 632 eclani,
624 553 713 638 quod
735 560 787 620 est
801 555 937 638 pessimi
962 557 1101 638 generis,
1120 556 1186 623 ite-

134 676 198 738 que
217 653 519 734 defeneratum:
538 654 733 734 scientem,
747 656 936 722 miraeuloe‘
954 677 1031 722 eum
1053 661 1184 724 extritis

133 754 217 835 tolie,
237 779 306 820 euru
320 753 439 821 todellis
453 756 622 829 erueseulir.u
638 756 726 822 idem
740 757 914 841 prosedas,
929 759 1091 842 pistorum
1105 759 1184 823 emi-

132 879 192 936 cas,
207 857 355 944 reliquias
368 855 556 922 latiariw
576 858 715 923 miseras
730 859 872 926 schoeno
888 859 1053 942 dilibutas,
1063 861 1183 926 servili·

132 957 239 1036 celes!
256 957 407 1024 sordidus.

89 1058 313 1127 Scboenicuioe
327 1061 541 1144 appellantur
555 1065 758 1142 meretrices,
773 1071 909 1148 propter
922 1085 1019 1132 usum
1046 1065 1183 1149 [Ριιιι.

131 1164 290 1245 unguenti
306 1163 444 1242 seboent,
459 1163 551 1249 quod
567 1173 621 1228 est
635 1165 775 1248 pessimi
788 1167 928 1248 generis.

90 1263 222 1330 Scholee
239 1265 341 1332 dictur
361 1274 439 1329 suut
459 1285 504 1330 ex
521 1265 642 1332 Graeco
655 1265 807 1351 σχολάζω,
831 1269 1056 1348 eveeutioue,
1076 1269 1180 1353 qued,

128 1368 252 1531 {efferis
280 1368 380 1432 rebus
409 1369 554 1447 omissis,
581 1387 702 1434 secare
725 1369 915 1436 liberalibus
943 1371 1063 1436 studiis
1087 1371 1183 1455 pueri

152 1487 171 1531 e
215 1475 263 1532 nt.

88 1567 243 1634 Scbnlae¹
258 1570 359 1636 dietae
370 1576 446 1636 sunt
458 1591 525 1637 non
539 1574 585 1636 ab
599 1573 682 1651 otio,
696 1593 737 1638 ae
753 1574 925 1639 vacatione
936 1575 1039 1655 omui,
1055 1575 1181 1658 [Fnsr.

128 1671 187 1735 sed
199 1672 304 1754 quod,
313 1673 432 1738 ceteris
444 1675 544 1738 rebus
557 1675 705 1754 omissis,
715 1694 835 1740 vacere
847 1676 1043 1742 liberalibus
1059 1677 1180 1742 studiis

126 1775 223 1856 pueri
239 1774 383 1840 debent:
406 1783 443 1840 ut
466 1775 567 1842 etium
590 1775 662 1841 ludi
691 1777 912 1860 appellantur,
928 1779 961 1842 in
977 1780 1099 1863 quibus
1122 1781 1183 1846 mi·

127 1873 215 1939 nime
235 1875 371 1954 luditur,
396 1896 437 1941 ne
462 1877 548 1942 tristi
572 1876 688 1962 aliquo
712 1881 843 1944 numine
864 1879 991 1962 fugiunt
1010 1881 1103 1964 pueri
1126 1903 1179 1945 erro

115 1974 221 2062 fungi
233 1995 376 2042 munere.

87 2075 275 2162 Scirpurn·
289 2088 344 2144 est
357 2080 405 2158 id,
415 2081 508 2164 quod
521 2082 553 2146 irr
568 2082 777 2165 palustribus
791 2082 875 2148 loeis
891 2083 1040 2148 uescitur
1051 2083 1136 2164 leve,
1148 2092 1182 2152 et

536 2261 724 2286 ”menneo

116 2362 146 2407 il
162 2359 225 2410 vet.
236 2359 297 2410 eod.
316 2359 444 2424 Seipters.

573 2491 685 2566 eoru

112 2601 287 2664 Mantum]
305 2599 379 2650 ldeur
403 2599 486 2650 Verre
508 2600 553 2652 tit.
573 2615 612 2654 vr.
653 2601 720 2652 iuru'
731 2602 801 2653 diets
813 2609 882 2652 suut.
899 2601 1183 2653 νὶιιιοιίιιιιιιῆι.1

83 2677 114 2728 de
136 2679 166 2727 L
179 2677 210 2728 L.
233 2676 418 2739 ‘Dioboisres,
439 2677 614 2736 reuertente,
653 2677 727 2727 idem.

83 2754 225 2803 reirseuiee.
255 2751 434 2817 Seheeuieuie,
456 2753 488 2803 eb
511 2755 614 2805 seiroerm
683 2758 696 2785 ¹
715 2753 1182 2820 Reliquissieiieeriee]Reiiquisseil·

82 2829 190 2894 rugerio
211 2828 363 2893 unguente!
400 2829 458 2894 Ege
476 2843 547 2887 rere,
564 2829 613 2880 uisi
652 2831 787 2881 seriorum.
804 2832 870 2882 Vide
881 2835 889 2862 ‘
901 2832 1040 2882 Aiieerisrss
1056 2832 1131 2882 ides.

82 2903 260 2955 intercederet
271 2905 343 2954 Festi
357 2910 385 2953 et
392 2904 514 2954 Vsrrouir
524 2913 613 2955 sueto·
683 2914 694 2950 t
711 2905 870 2968 Senum]
890 2905 947 2957 lise
959 2915 1009 2972 est,
1027 2907 1095 2970 qued
1110 2908 1179 2958 ideur

83 2981 155 3045 riter,
169 2979 306 3030 crederem
325 2979 446 3030 Pieutuur
462 2981 612 3032 meretrices
652 2981 749 3031 ibidem
760 2983 879 3046 subjicite
897 2982 1079 3031 ‘servolorum
1099 2983 1179 3032 sordi·

80 3057 237 3120 Molee,
260 3058 303 3106 rei
328 3057 481 3106 erinieslrre
507 3057 613 3114 dixisse,
651 3056 1037 3108 duioruurseertsdiebetsris.'
1053 3056 1127 3106 idem.

80 3131 148 3196 quod
156 3133 182 3180 iu
191 3131 324 3194 segetibus
332 3137 360 3181 et
368 3132 473 3193 σχοίνοις
482 3147 562 3197 usque
571 3147 612 3182 es·
683 3141 693 3166 ⁸
708 3131 811 3194 etate]
829 3131 958 3182 Ausonius
969 3132 1061 3181 sitterr
1078 3131 1180 3182 ‘Greia

80 3215 148 3270 seut,
157 3207 225 3269 qued
233 3205 346 3268 exubere
353 3215 481 3272 perpetue
488 3209 612 3259 solerent.
650 3208 737 3258 rebels
750 3207 852 3258 nomine
870 3206 942 3258 diets
961 3213 1011 3272 est,
1022 3208 1098 3259 ιΙιιιιι
1110 3208 1179 3259 isbe-

78 3283 113 3332 iit
131 3282 202 3333 inire
220 3285 314 3333 eriere
331 3283 442 3339 debete,
459 3283 526 3348 qued
545 3283 612 3346 exei-
650 3282 735 3333 riierir
746 3285 893 3335 tribuentur
912 3292 941 3334 ut
959 3284 1012 3335 otis
1024 3283 1122 3334 Musis)
1149 3283 1179 3338 iu

77 3377 132 3408 mr
151 3360 266 3409 olerent.
294 3359 353 3409 Nisi
372 3357 458 3421 petius
473 3359 613 3408 amesia
649 3359 700 3411 iiue
715 3362 788 3425 lege:
804 3377 833 3411 ere
852 3361 919 3409 tristi
936 3360 1015 3423 eltqee
1033 3359 1179 3418 semirefe-

75 3435 610 3498 seeieseriptuursitpreeeoesieslsseeree.
647 3436 719 3496 giret
730 3435 855 3496 mseras·
864 3449 968 3484 neem.
985 3434 1041 3485 Jos.
1052 3433 1121 3484 Seri.

79 3513 180 3562 Censes
199 3511 268 3560 enirn
279 3509 381 3560 Setinis
395 3525 505 3574 wesen,
515 3518 545 3561 ut
554 3526 611 3561 sere·
681 3509 773 3560 &tete
783 3511 970 3560 tetenstete
979 3510 1008 3560 sb
1017 3508 1079 3572 otiu]
1096 3510 1179 3560 trumo

75 3601 118 3644 ses,
143 3601 192 3652 pro
211 3601 285 3642 erese,
306 3598 386 3651 suprs
406 3585 476 3651 sputi
499 3587 613 3636 Festum.
649 3587 682 3636 sb
694 3587 765 3636 etio
757 3585 864 3649 exuti
875 3587 942 3636 enisu
953 3587 1044 3650 etrum
1061 3588 1179 3638 niurirrrru

75 3661 143 3711 Dee.
650 3662 772 3727 quiretis
784 3677 848 3726 opus
866 3663 897 3714 iis
914 3663 956 3727 qui
969 3664 1061 3714 studiis
1077 3673 1179 3715 recent

109 3736 958 3802 ‘Dieieleres]libirriseboiir1’seuAusou.idyii.sxsrr
983 3739 1180 3790 ‘Grateseheis

73 3815 168 3864 ιὶιιι.Ι
181 3814 242 3872 Nou
254 3827 306 3878 ege
318 3813 355 3862 ite
365 3811 401 3862 iul
413 3809 459 3864 uu
471 3813 540 3864 nune
552 3822 612 3864 eunt
650 3815 750 3863 nemine
760 3813 830 3864 diets
839 3823 887 3872 est,
896 3815 973 3866 Jrrste
981 3813 1125 3864 ieborilerir
1134 3813 1179 3863 tri·

72 3890 241 3946 meretrices,
270 3887 416 3938 dieboisres
443 3903 514 3939 sustu
545 3890 611 3942 Qure
650 3889 762 3939 bueutur
773 3897 802 3940 ut
814 3889 868 3940 utre
879 3888 980 3939 Musis.
1000 3889 1043 3939 Sre
1053 3891 1179 3940 ledesueu

70 3967 269 4016 mmmiesuee
285 3963 614 4030 perripeuduntgrstieml
650 3979 699 4028 per
717 3965 884 4029 eutipirrssiu,
906 3970 936 4014 ut
963 3963 1018 4013 ruit
1041 3964 1109 4013 Fert.
1132 3965 1178 4015 sed

75 4043 159 4092 llere.
650 4038 717 4104 qued
729 4041 843 4098 studium
861 4041 994 4088 literarum
1014 4039 1127 4104 iibersiir
1141 4041 1179 4090 irr-

107 4119 118 4151 ⁸
133 4115 279 4180 semare]
295 4105 365 4167 viee
376 4117 385 4145 ⁴
395 4116 535 4168 mitreum
552 4118 590 4167 ld.
650 4114 802 4180 gestiliudrrs
813 4115 855 4165 sii.
873 4115 936 4165 Dee.

106 4199 119 4224 ¹
139 4194 202 4266 cp
225 4191 327 4243 extritis
351 4191 416 4254 telis,
442 4207 496 4242 errrs
521 4193 615 4242 todellis
682 4197 695 4224 ⁸
710 4190 821 4256 detruse]
837 4191 869 4240 in
885 4190 968 4241 reteri
986 4190 1052 4242 iibre
1073 4201 1112 4243 est
1130 4193 1177 4246 hee

66 4267 168 4332 erese]
192 4269 263 4319 Vide
283 4281 343 4332 quse
362 4266 389 4317 in
407 4281 469 4318 rece
482 4270 490 4298 ⁸
503 4268 614 4318 ereeoti·
651 4268 723 4320 iseo:
741 4267 801 4321 Sex.
819 4267 916 4334 emper
928 4267 995 4319 Festi
1014 4270 1043 4320 de
1056 4269 1178 4320 rerbrrenr
