2930 4870
521 417 795 468 FRAGMENTUM.
1120 409 1203 475 1083

115 559 302 627 Pontificule
313 559 492 645 pomarium
508 559 707 644 appellabant
727 561 825 626 locum
836 563 939 644 illum,
955 585 1103 651 agrumq.
1124 589 1203 652 pone

112 685 242 743 murum,
268 686 299 728 ur
327 686 387 750 quo
413 659 578 746 Pontifices
612 683 670 728 sua
692 667 919 730 constituerent
949 670 1105 752 auspiciu:
1134 693 1202 734 cum

111 775 212 828 nutem
235 766 413 850 pomarium
439 763 649 849 proferretur,
666 771 736 830 tum
760 764 907 852 Augures
930 767 1071 851 publicos
1098 767 1140 833 P:
1158 769 1201 835 R.

113 863 170 928 luc
184 866 278 930 verbu
290 867 402 952 pru-ire
416 867 555 930 solitos:
581 861 629 927 Di
644 865 790 932 tutelares
806 867 888 931 urbis
898 871 1077 952 pomarium
1096 871 1150 934 lroe
1164 894 1201 936 ne

111 968 219 1032 minus
243 971 390 1052 majusve
399 967 539 1054 furitis:
560 965 613 1029 sed
628 967 666 1030 r'r's
689 967 772 1052 quib.
795 970 990 1033 terminatum
1004 981 1046 1034 ert
1068 973 1202 1058 regioni-

111 1071 186 1146 bus,
203 1070 382 1136 effereatis:
414 1070 529 1134 dictum
547 1078 648 1131 aretem
663 1067 785 1132 uidetur
795 1071 986 1154 pomarium,
1007 1075 1109 1136 voluti
1124 1083 1202 1157 post

112 1192 242 1248 nroeros,
257 1171 358 1249 idest,
373 1169 456 1257 qnod
467 1179 540 1233 esset
555 1179 636 1232 retro
650 1179 679 1232 et
695 1171 781 1235 iutro
792 1191 903 1236 muros
919 1174 1022 1236 urbis.
1066 1172 1200 1258 Promp-

110 1281 173 1334 tum
185 1293 247 1356 pro
261 1295 295 1335 eo
309 1271 391 1358 praed
403 1271 472 1356 quis
494 1291 551 1333 ure
562 1273 691 1354 paravit
705 1291 778 1349 suo,
792 1273 895 1336 videri
912 1275 960 1338 ait
974 1275 1112 1356 positum
1190 1323 1199 1342 .

108 1374 452 1456 decajuseeretuto¹
524 1419 530 1435 .
635 1417 643 1432 .
732 1418 740 1435 .
839 1420 847 1436 .
920 1379 1200 1459 proruptumtriti·

109 1495 184 1540 cum
199 1476 233 1539 iu
255 1473 490 1540 commentario
506 1485 559 1538 tuo
575 1472 727 1536 retulisti:
750 1475 932 1558 etquidem
952 1477 1118 1559 prolatum
1134 1481 1200 1561 sig·

107 1577 236 1640 nificare
252 1578 340 1640 uiuat
364 1576 443 1640 idem
462 1575 546 1660 quod
562 1585 768 1660 promptum:
792 1577 849 1640 sed
873 1579 1042 1662 proprium
1056 1577 1081 1618 ¹⁶
1097 1583 1145 1644 ait
1166 1579 1201 1642 id

108 1675 171 1740 dici
182 1687 368 1761 promptum,
383 1677 465 1762 quod
478 1675 675 1764 infuturum
690 1678 813 1742 factum
826 1681 890 1758 sit;
914 1680 968 1744 cui
982 1678 1200 1764 significationi

104 1799 204 1860 penus
232 1781 421 1842 contrarium
446 1789 510 1856 est,
537 1800 612 1843 curn
651 1783 837 1863 praesertim
866 1781 955 1846 aliud
981 1803 1090 1864 pertus,
1112 1783 1201 1848 uliud

100 1879 356 1963 promptuarium
372 1882 574 1964 pantoleium
586 1889 611 1930 ¹⁷
635 1881 830 1964 appelletur,
846 1891 933 1944 otest
947 1881 1032 1965 opud
1048 1882 1198 1948 Plautum

106 1979 141 2042 in
163 1979 335 2045 Trinumo:
358 1982 492 2046 Potitus
515 1983 674 2046 servitute
689 1981 729 2046 ab
744 1983 879 2068 antiquis
893 1982 1061 2060 dicebatur,
1078 1987 1146 2068 qui,
1161 1993 1198 2050 ut

106 2083 158 2146 ait
183 2081 308 2158 Labeo,
334 2085 516 2146 servitutem
543 2084 658 2148 seruit:
691 2083 766 2147 tales
789 2085 1025 2148 eonsuetudines
1051 2089 1198 2168 proxime

107 2183 223 2249 Graeci
248 2184 374 2248 norir¹⁸
402 2194 494 2248 runt:
527 2185 628 2248 eodem
663 2185 751 2248 modo
780 2185 954 2250 dicebatur
982 2187 1025 2249 ab
1053 2187 1197 2268 antiquis

101 2285 222 2368 potitus
238 2283 378 2372 loqtr'um.
428 2283 529 2348 Penus
541 2282 552 2321 f
565 2293 704 2351 uocatur
718 2288 811 2351 loeus
826 2288 963 2352 intimus
983 2289 1015 2351 in
1033 2286 1103 2370 [no]
1125 2287 1198 2352 redo

106 2388 226 2453 Vestae
244 2390 378 2471 segetib.
406 2388 572 2470 sarpius‚¹⁹
591 2388 679 2470 quod
703 2390 801 2453 certis
825 2389 910 2453 dieb.
937 2390 1025 2453 cirea
1041 2388 1196 2452 Vestalia

105 2491 279 2573 aperitur:
314 2492 337 2554 ii
372 2491 443 2553 dies
469 2490 616 2571 religiosi
644 2490 817 2555 habentur.
874 2491 996 2556 Planta
1032 2491 1198 2572 oliaginea

105 2601 163 2657 est
177 2594 268 2674 virga
282 2591 401 2657 i'oliata
416 2609 459 2656 ex
476 2591 549 2654 olea
564 2591 767 2674 deplantata.
811 2593 971 2657 Pomona!
996 2599 1047 2656 est
1070 2593 1102 2656 in
1119 2612 1196 2674 agro

103 2695 259 2764 Solonio,
293 2694 349 2758 via
378 2691 527 2756 Ostiensi
551 2692 594 2756 ad
623 2694 857 2772 duodecimum
886 2694 1031 2778 lapidem
1056 2695 1195 2764 deverti·

105 2796 259 2860 culum¹⁰
282 2814 303 2859 a
324 2794 464 2858 miliario
480 2803 618 2858 octavo.
663 2795 781 2860 Pubes
799 2805 854 2859 et¹
878 2797 937 2879 qui
956 2797 1078 2878 pubem
1100 2813 1197 2878 gene-

101 2913 178 2961 rure
194 2903 306 2981 potest
320 2896 395 2958 bis²
409 2895 531 2978 incipit
546 2915 621 2960 esse
645 2916 667 2959 a
681 2896 936 2980 quatuordecim
951 2899 1065 2960 annis:
1087 2897 1197 2960 foemi-

100 3018 151 3064 na
168 3018 190 3061 a
205 2997 380 3060 duodecim
397 2997 603 3078 viripotens,
620 2997 692 3060 sive
711 2999 852 3080 potione,
868 3003 904 3060 ut
919 2997 1053 3078 quidam
1069 3004 1196 3080 putant·

101 3099 310 3164 Prandicnla
330 3097 457 3179 antiqui
480 3096 643 3174 dicebant,
660 3117 735 3180 quae
750 3117 836 3161 nunc
847 3097 1030 3180 jentacula.
1075 3097 1196 3160 Prodi·

99 3219 182 3284 gnae¹
196 3200 314 3264 hostiae
329 3206 504 3274 vocantur,
531 3205 569 3262 ut
588 3200 637 3264 ait
659 3199 837 3273 Veranius,
860 3218 935 3282 quae
952 3207 1196 3277 consumuntur,

99 3302 195 3366 unde
220 3302 368 3366 homines
394 3320 496 3384 quoq.
522 3301 694 3378 luxuriosi,
720 3302 861 3384 prodigi.
906 3301 1064 3365 Petronia
1088 3304 1195 3365 amois

98 3411 159 3468 est
174 3405 208 3469 in
221 3403 368 3468 Tiberim
376 3401 558 3485 perfluens,
568 3422 669 3485 quam
679 3387 894 3484 magistratus
903 3403 1079 3486 auspicato
1088 3411 1197 3468 trans-

137 3735 170 3781 16
187 3729 207 3780 f.
218 3732 386 3793 propria-lt
403 3728 421 3781 l.
431 3730 509 3793 pann,
518 3730 572 3792 olei,
582 3729 706 3780 aiat-18
717 3728 737 3780 f.
748 3731 895 3780 naria-19
911 3729 1056 3794 nugatum
1066 3738 1195 3796 nun.-

96 3802 136 3848 ao
153 3796 350 3870 dimanat-r
368 3793 386 3845 f.
399 3796 530 3844 eram-a
547 3793 565 3844 s.
576 3795 605 3843 a.

599 3971 706 4024 NOTAE

133 4085 142 4120 ¹
159 4086 252 4148 Penas]
276 4083 308 4134 Iu
318 4099 363 4132 ora
374 4083 475 4148 pagina
487 4083 631 4134 emendari·
671 4091 757 4131 manre
769 4082 793 4130 in
806 4081 849 4130 lib.
861 4095 899 4130 ιν.
917 4083 1067 4132 Fastorum:
1086 4085 1139 4135 ‘Et
1151 4101 1196 4151 pn.

91 4179 169 4224 mnu,
187 4161 305 4222 tegetibru
322 4165 423 4222 παρίκει
443 4168 471 4210 et
490 4161 526 4209 ita
545 4162 630 4224 legen·
671 4161 721 4207 ries
733 4159 802 4206 lento
811 4159 903 4207 uimine
916 4165 1000 4208 teatin
1008 4160 1083 4220 erat,’
1094 4162 1127 4212 de
1137 4165 1193 4216 ada

91 4245 172 4304 dnm,
186 4238 273 4289 Ouidii
295 4237 524 4286 retentationem
543 4237 633 4285 confir·
673 4236 770 4284 Venta.
