2912 4858
449 933 686 1012 CODICES
729 919 847 1012 MSS.

373 1197 523 1264 SEXTI
550 1193 757 1266 ΡΟΜΡΕΙΙ
785 1193 922 1263 FESTl

171 1431 238 1508 QUI
256 1457 298 1509 IN
315 1455 577 1509 utnnlorflssffls
598 1455 836 1508 Bnirnuuicls
854 1453 1123 1508 Assanvnuuua.

496 1737 801 1780 =====

385 1986 512 2054 Codices
526 1989 561 2053 r'u
577 1985 691 2053 Museo
708 1987 908 2053 Britannico.

139 2155 263 2223 Inruit
293 2157 440 2226 Codices
472 2155 675 2237 Harleiooor,
704 2157 801 2224 3520.
829 2158 882 2222 est
915 2155 1039 2234 codex,
1075 2155 1196 2240 purtim

93 2257 244 2325 chartac.
274 2261 396 2345 purtim
425 2262 605 2327 membran.
633 2261 845 2344 complexus,
876 2261 963 2326 inter
996 2259 1076 2338 alia,
1113 2258 1195 2323 Sex.

93 2361 249 2447 Pompeii
271 2361 367 2429 Festi
387 2363 430 2430 de
446 2363 633 2429 Verborum
655 2360 909 2446 Significatione
933 2361 1063 2426 Libros.
1108 2359 1194 2424 Seec.

95 2480 233 2634 xviim.
256 2567 337 2634 Sex.
359 2567 515 2653 Pompeii
538 2565 633 2634 Festi
647 2564 930 2646 God.,membran.
953 2583 1034 2630 emo.
1050 2579 1115 2628 xv.
1138 2563 1193 2629 cui

36 2750 41 2762 Ι
93 2665 305 2754 subjungitur
317 2669 453 2736 libellus
466 2669 508 2735 de
524 2667 785 2753 Ortbograpbia.

137 2769 201 2836 Eat
213 2771 316 2838 etium
330 2770 412 2836 Sex.
427 2771 585 2856 Pompeii
607 2770 702 2836 Festi
717 2769 794 2836 cod.
812 2769 1029 2848 Harleiunue,
1049 2768 1195 2836 chartac.

92 2891 178 2939 seeo.
194 2889 263 2942 xv.
277 2874 331 2940 oui
347 2872 589 2959 subjunguntur
602 2873 643 2938 P.
660 2870 844 2950 Candidus,
867 2868 1131 2947 Grammaticus,
1151 2869 1193 2934 de

89 2975 283 3043 Verborum
298 2976 522 3060 Proprietute,
535 2982 572 3041 et
586 2975 756 3058 Exoerptu
769 2991 815 3038 ex
831 2972 949 3038 Nonio
964 2971 1143 3038 Marcello.

137 3079 233 3144 Inter
266 3077 412 3146 Codices
443 3075 651 3157 Burneianus,
690 3077 736 3142 N.
761 3074 838 3142 206.
893 3074 974 3141 Sex.
1004 3073 1190 3159 Pompeius

90 3180 217 3246 Festus
230 3181 340 3247 collat.
356 3179 401 3246 ad
414 3181 553 3265 paginas
568 3179 700 3264 aliquot
713 3179 797 3245 edit.
815 3176 924 3244 Paris·
940 3175 1038 3242 1519.
1053 3175 1108 3240 sol.

135 3281 183 3349 N·
197 3281 274 3348 utu.
296 3283 465 3368 Excerptu
478 3302 522 3348 ex
539 3282 643 3349 Feeto
657 3281 699 3347 de
721 3278 974 3364 Significatione
989 3277 1194 3355 Verborum,

89 3383 168 3449 oud.
178 3383 323 3450 chartae.
336 3403 436 3469 pugg.
446 3384 522 3451 174.
538 3383 656 3451 oollut.
667 3382 711 3448 ad
723 3382 865 3476 paginae
876 3381 1005 3466 aliquot
1015 3379 1070 3446 eri.
1083 3379 1194 3445 Paria.

88 3486 190 3552 1⁵19.
234 3485 451 3571 subjungitur
471 3485 576 3553 Nonii
599 3484 752 3552 Mareelli
766 3483 810 3550 de
824 3481 1015 3551 Verborum
1036 3482 1194 3570 Proprie·

88 3595 160 3655 tate
174 3586 433 3670 Compendinm.

478 3771 582 3839 Codex
615 3769 808 3838 Oxouienair.

135 3921 177 3986 ln
203 3917 358 3987 Bibliotb.
378 3917 481 3990 Redi.
506 3922 668 3988 canonici
692 3921 767 4014 Lat.
794 3921 869 3988 169.
894 3920 990 3987 Festi
1023 3918 1193 4004 Pompeii,

87 4023 325 4105 Grammatici,
360 4022 554 4106 voeabula,
594 4025 670 4092 eod.
705 4024 889 4091 membran.
916 4044 997 4092 seeo.
1022 4039 1089 4088 xv.
1122 4022 1193 4086 aine

86 4127 228 4194 scholiis
247 4133 308 4195 ant
331 4129 618 4197 annotationibus.
663 4127 884 4213 subjungitur
898 4127 976 4196 Caii
997 4126 1108 4194 Servii
1122 4120 1193 4191 Vo·
1285 4177 1288 4185 .

86 4231 309 4300 cabularinm.
