2912 4858
262 385 347 452 1196
595 395 703 444 ssxrr
727 393 882 442 rournrr
908 393 1012 442 rssrr

262 543 367 630 pedes
380 541 469 623 legit.
513 539 672 604 Pesestas
683 537 766 601 inter
775 536 1025 618 nliaquae(si)¹⁷
1038 533 1122 596 inter
1132 533 1355 615 precationem

261 641 450 718 dicuntur,¹⁸
473 659 548 704 cum
570 638 690 702 fundus
712 637 880 712 lustratur,
900 632 1086 717 siguificare
1100 633 1242 696 videtur
1264 635 1359 715 pesti·

260 745 455 819 lentiam,nt
468 739 605 821 intelligi
617 757 662 802 ex
673 739 797 802 ceteris
808 744 958 820 possunt,
969 755 1072 818 quom
1083 735 1230 798 dicitur:
1255 733 1359 796 Aver-

261 853 314 908 tas
335 844 496 918 morbum,
514 847 665 915 mortem,
678 840 800 916 labem,
815 838 977 910 nebulam,
999 837 1250 919 impetiginem.
1295 833 1358 896 Pe·

264 945 340 1010 dum
355 943 467 1008 baculi
482 959 586 1024 genus
605 941 790 1016 incurvum,
806 947 845 1004 ut
860 938 933 1003 Vir.
947 940 982 1002 in
996 939 1083 1002 Bne.
1097 957 1204 1018 quom
1225 936 1293 1000 ait:
1316 934 1357 997 At

262 1052 297 1112 tu
308 1065 402 1110 sume
416 1044 550 1127 pedum,
564 1042 652 1126 quod
669 1061 721 1105 me
736 1061 813 1104 cum
826 1061 919 1124 saepe
931 1046 1071 1122 rogaret.
1117 1038 1253 1101 Pedem
1267 1039 1358 1100 struit

261 1151 295 1214 in
313 1161 385 1211 ιιι.
404 1143 568 1226 significat
588 1142 682 1225 sugit,
704 1149 743 1206 ut
765 1143 814 1206 ait
835 1141 907 1204 Ser.
923 1141 1107 1222 Sulpicius.
1156 1139 1293 1202 Pistum
1309 1139 1356 1220 pi-

261 1247 367 1312 sendo
385 1246 585 1330 perpolitum
598 1253 624 1295 ¹⁹
644 1243 770 1326 antiqui
792 1243 995 1325 frequentius
1014 1241 1242 1324 usurpabant,
1261 1258 1355 1321 qnam

261 1367 347 1412 nunc
368 1367 431 1412 nos
453 1347 606 1411 dicimus.
649 1345 826 1409 Pedarium
845 1345 1039 1408 Senatorum
1063 1340 1243 1423 significat
1258 1339 1354 1404 Luci-

260 1449 328 1514 lius
339 1467 440 1533 quom
454 1449 520 1512 ait:
539 1446 667 1529 Agipes
679 1465 794 1510 vocem
811 1445 939 1509 mittere
953 1443 1077 1528 coepit:
1094 1444 1158 1525 qni
1173 1443 1225 1505 ita
1238 1440 1353 1524 appel·

260 1549 360 1622 latur,
384 1549 464 1632 quia
490 1549 614 1613 tacitus
643 1545 842 1610 transeundo
863 1545 905 1609 ad
927 1564 1013 1620 eum,
1036 1545 1138 1627 cujus
1160 1545 1354 1606 sententiam

260 1651 390 1734 probat,
405 1649 486 1732 qnid
501 1648 630 1717 sentiat,
645 1645 783 1711 indicat.
826 1645 1006 1710 Piscatorii
1020 1643 1094 1708 ludi
1107 1651 1285 1719 vocantur,
1299 1645 1354 1726 qni

261 1769 372 1814 mense
385 1750 407 1815 J
410 1750 487 1815 uuio
504 1755 595 1813 trans
607 1747 754 1812 Tiberim
770 1746 840 1811 lieri
859 1746 969 1812 solent
989 1765 1050 1828 pro
1066 1750 1207 1828 quaestu
1222 1745 1352 1826 piscan-

260 1849 353 1914 tium.
398 1850 545 1914 Pisciure
561 1848 705 1930 publicar
727 1845 821 1930 [186]
842 1847 974 1929 hodieq.
995 1863 1116 1908 numen
1138 1851 1262 1921 manet,
1276 1846 1352 1926 ipsa

260 1967 326 2016 non
349 1957 460 2015 extat:
483 1949 526 2015 ad
548 1967 651 2032 quam
671 1954 704 2013 et
722 1953 883 2025 natatum,
901 1955 936 2010 et
955 1945 1212 2010 exercitationis
1230 1945 1352 2028 alioqui

260 2070 366 2116 causa
382 2051 541 2116 veniebat
562 2050 717 2132 populus.
762 2047 861 2114 Unde
883 2048 1033 2113 Lucilius
1054 2047 1122 2110 ait:
1148 2046 1220 2110 Pro
1240 2047 1353 2109 obtuso

260 2171 317 2216 ore
333 2153 437 2234 pugil,
452 2152 661 2235 pisciniensis
674 2171 778 2216 reses.
821 2150 1040 2215 Pecteuatum
1054 2154 1183 2213 tectum
1198 2147 1351 2212 dicituro
1450 2189 1451 2196 .

260 2253 472 2318 similitudine
486 2251 631 2336 pectinis
645 2252 679 2315 in
694 2253 777 2316 duas
787 2251 889 2335 partis
901 2252 1054 2325 divisum,
1066 2255 1102 2314 ut
1112 2249 1351 2314 testudinatum
1394 2297 1400 2316 .

260 2354 294 2418 in
306 2361 471 2436 quattuor.
505 2354 598 2417 Piari
609 2372 669 2418 eos
683 2352 775 2418 velut
790 2353 925 2435 proprio
940 2352 1052 2429 verbo,
1067 2352 1118 2415 ait
1129 2349 1282 2424 Verrius,
1297 2349 1352 2433 qni
1450 2413 1451 2456 ,

258 2471 374 2536 parum
390 2455 454 2516 sint
468 2455 616 2532 animati,
626 2473 702 2519 cum
718 2455 840 2519 mentis
855 2473 927 2518 snm
941 2471 1005 2516 non
1020 2460 1111 2528 sunt,
1125 2471 1188 2535 per
1197 2451 1349 2534 qnaedum
1450 2477 1451 2524 t

259 2555 360 2617 verba
381 2553 564 2618 liberantur
585 2555 806 2620 incommodo.
851 2556 1008 2638 Piguosa,
1028 2555 1170 2637 pignora
1182 2573 1229 2617 eo
1243 2553 1351 2628 modo,

258 2673 325 2736 quo
340 2651 482 2730 Volusii,
499 2653 636 2732 Anselii,
657 2657 777 2738 pinosi,
799 2656 940 2739 palisi²⁰
963 2655 1167 2719 dicebantur.
1213 2653 1351 2717 Pectus·

258 2773 333 2817 cunr
348 2753 458 2818 Palati
472 2755 561 2819 dicta
578 2761 632 2820 est
647 2777 687 2821 ea
702 2759 793 2839 regio
814 2755 922 2833 Urbis,
932 2757 1032 2840 quam
1048 2753 1220 2819 Romulus
1235 2755 1351 2817 obver-
1450 2817 1451 2820 ,

258 2873 330 2918 sam
344 2856 468 2938 posuit,
482 2875 524 2919 ea
536 2865 643 2938 parte,
658 2858 691 2921 in
705 2877 774 2940 qua
788 2857 958 2940 plurimum
973 2860 1044 2919 erat
1057 2856 1127 2936 agri
1144 2854 1296 2918 Romani
1310 2855 1352 2917 ad

257 2973 348 3020 mare
378 2975 505 3034 versus,
533 2959 696 3040 atquin·
735 2958 930 3022 mollissime
958 2957 1114 3021 adibatur
1140 2956 1244 3020 urbs:
1276 2973 1352 3020 cum

258 3055 469 3120 Etruscorum
493 3075 606 3138 agrum
629 3077 652 3122 a
676 3056 832 3123 Romano
852 3059 987 3122 Tiberis
1009 3057 1212 3122 discluderet
1232 3065 1352 3121 cetera

257 3157 376 3222 vicinae
394 3158 548 3228 civitates
569 3158 674 3224 colles
695 3161 853 3244 aliquos*
873 3159 1029 3223 habereut
1050 3159 1246 3241 oppositos.
1291 3159 1354 3221 Pe·

258 3259 390 3324 culatus
404 3265 456 3324 est
470 3279 556 3324 nnnc
571 3261 703 3342 quidem
726 3262 925 3344 qualecunq.
947 3259 1117 3342 publicum
1138 3259 1277 3336 furtum,
1292 3261 1352 3322 sed

257 3359 424 3424 inductum
439 3367 491 3426 est
504 3379 525 3425 a
538 3380 672 3445 pecore,
683 3369 720 3427 nt
733 3363 874 3445 pecunia
887 3379 993 3444 quoq.
1007 3362 1095 3444 ipsa.
1137 3359 1238 3425 Jam³
1252 3362 1352 3424 etiam

256 3461 374 3523 noxii*
398 3479 517 3543 pecore
532 3463 764 3540 multabantur,
779 3463 859 3545 quia
874 3481 979 3546 neque
993 3463 1071 3528 aeris
1095 3462 1217 3539 adbuc,
1240 3482 1353 3546 neque

257 3561 384 3641 argenti
417 3570 486 3628 erat
518 3564 630 3648 copia.
683 3565 803 3649 ltaque
828 3583 983 3648 suprema
1007 3565 1110 3628 multa
1131 3563 1237 3627 etiam
1263 3583 1353 3626 nnnc

257 3661 456 3743 appellatur.
499 3663 628 3728 Piatrix
643 3664 820 3728 dicebatur
835 3663 1004 3740 sacerdos,
1020 3683 1096 3745 qnae
1117 3663 1258 3746 expiare
1279 3670 1354 3726 erat

256 3761 366 3840 solita,
381 3781 483 3846 quam
494 3763 631 3847 quidam
646 3766 895 3842 simulatricem,
907 3765 966 3828 alii
977 3783 1104 3845 sagam,
1115 3763 1175 3828 alii
1186 3763 1354 3846 expiatri-

711 3955 887 3977 ommuoss

288 4086 317 4130 17
338 4083 357 4156 Ι(
368 4082 451 4146 ).-18
475 4086 508 4134 al.
529 4087 720 4150 interpretatores
744 4090 833 4138 durrat.
867 4086 886 4136 t'.
905 4089 1146 4150 imprecatum-19
1163 4088 1196 4135 al.
1221 4103 1237 4135 a
1252 4089 1351 4150 pind·

252 4147 466 4252 mptum-2⁰
483 4147 501 4198 i.
515 4151 620 4215 Pinarii,
632 4153 780 4216 Papirii-l
798 4152 816 4204 l'.
829 4157 933 4217 qun-2
948 4149 967 4200 s.
984 4152 1130 4218 aliquot-i
1146 4149 1165 4199 s.
1188 4151 1317 4202 Nun—4
1332 4151 1350 4200 s.
