2934 4864
244 353 343 474 Ι1186
583 387 696 437 saxei
721 351 875 438 senisu
901 386 1002 436 rusci

258 529 352 598 dictor
369 539 498 616 putant.
541 527 676 594 Atticos
699 528 907 612 quondam²⁹
919 529 1052 613 juvenes
1076 524 1182 592 soiitos
1204 527 1310 592 aiunt
1323 530 1348 596 io

257 633 372 700 hortos
385 627 582 716 quorundam
595 628 783 712 irrumpere,
795 628 931 711 tiscoeq.
946 626 1090 712 deligere,
1104 647 1199 712 pam
1214 630 1262 692 ob
1273 649 1351 696 oue

258 735 413 816 samlege
421 730 666 814 tectumque]
675 732 734 815 qui
744 731 778 796 id
789 731 938 807 fecisset,
947 731 1350 812 cepite⁸esseteizqm

257 853 393 918 poenam
402 834 459 917 qui
468 842 738 916 persequerentur
748 831 791 896 ob
801 832 939 915 parvola
949 831 1151 908 momente,
1162 831 1350 914 ysophus-

259 943 313 1002 tas
329 933 533 1018 appellatos.
554 931 648 998 Sulci
665 931 890 1016 appellantur,
905 951 972 1014 qua
986 939 1129 996 aratrum
1141 932 1287 1010 ducitur,
1298 933 1349 998 vel

260 1037 400 1102 sationis
421 1034 585 1100 faciendas
604 1053 718 1114 causa,
734 1035 787 1099 vel
810 1032 900 1098 urbis
924 1033 1125 1098 condenda:
1148 1035 1200 1098 vei
1216 1035 1351 1101 fossura

260 1139 362 1206 rectis
371 1137 544 1215 lateribus,
554 1137 613 1200 ubi
623 1138 759 1200 arbores
769 1143 937 1200 serantur:
954 1134 1263 1219 fulmenquoq.qca
1276 1136 1350 1220 ejus

259 1239 450 1322 uestigium,
474 1238 623 1304 similiter
644 1236 844 1320 appellatur,
866 1235 961 1319 quod
983 1237 1183 1302 vocabulum
1209 1237 1347 1322 quidam

260 1361 305 1405 ex
320 1339 443 1408 Graeco
464 1338 603 1417 fictum?
626 1339 706 1422 quia
728 1337 779 1401 illi
801 1333 912 1402 dicarit
937 1334 1029 1400 sees.
1073 1337 1228 1415 Suasum,
1249 1340 1347 1404 colos

261 1443 458 1526 appellator,
476 1443 536 1525 qui
552 1441 590 1506 fit
604 1459 649 1506 ex
664 1439 837 1505 stillicidio
852 1439 983 1504 fumoso
996 1439 1031 1508 in
1047 1439 1242 1504 vestimento
1257 1442 1349 1506 albo.

262 1545 427 1610 Plautus:
454 1541 547 1620 Quia
572 1543 633 1608 tibi
655 1560 758 1606 suaso
780 1541 925 1608 infecisti
948 1541 1155 1625 propudiosa
1172 1543 1351 1624 petiolum:
1450 1603 1451 1628 ζ

262 1646 398 1732 quidem
413 1649 523 1710 eutem
536 1646 650 1726 legunt
663 1646 699 1708 in
711 1664 815 1710 suaso
827 1664 836 1709 ε
850 1663 909 1708 nec
924 1642 1056 1722 desunt,
1071 1645 1128 1726 qui
1139 1643 1353 1722 dicantem-

261 1765 336 1824 pem
365 1746 523 1822 colorem,
554 1748 611 1830 qui
641 1745 704 1812 fiat
733 1745 922 1822 inficiendo,
951 1764 1083 1812 suasum
1109 1746 1229 1822 voeeri,
1253 1747 1351 1828 quod

261 1850 359 1931 quasi
373 1850 643 1933 persuadetur³⁰
669 1849 703 1914 in
729 1849 833 1914 alium
858 1866 902 1913 ex
925 1847 1006 1912 albo
1024 1847 1174 1912 transire.
1212 1847 1352 1914 Saltum

263 1949 390 2018 Gallus
405 1952 515 2016 AElius
529 1952 590 2017 lib.
606 1967 648 2016 11.
662 1949 951 2034 significationum,
965 1969 1041 2033 quar
1057 1949 1101 2015 ad
1110 1949 1357 2034 jospertimcut,

262 2051 312 2118 ita
324 2053 464 2119 definit:
487 2053 602 2120 Saltus
616 2061 679 2130 est,
694 2051 749 2118 ubi
767 2053 873 2136 sylrae
883 2059 919 2116 et
926 2051 1098 2134 pastiones
1112 2057 1197 2126 suut,
1211 2067 1357 2132 quarum

264 2173 370 2220 cause
384 2173 476 2220 casm
489 2174 593 2239 quoq.
606 2156 635 2220 si
648 2173 716 2239 qua
730 2154 892 2237 particula
904 2153 938 2218 in
953 2171 993 2220 eo
1005 2153 1093 2218 saltu
1105 2160 1285 2238 pastorum,
1298 2160 1359 2218 aut

263 2255 440 2325 modum
462 2275 567 2339 causa
591 2265 717 2331 aratur,
740 2273 784 2320 ea
803 2273 858 2320 res
877 2273 942 2320 uon
957 2253 1096 2339 peremit
1107 2273 1223 2318 comeo
1235 2253 1373 2329 saltui„

262 2375 328 2426 uon
342 2359 461 2438 magis,
475 2377 577 2441 quam
592 2357 698 2437 tondi,
712 2360 773 2441 qui
786 2364 840 2422 est
853 2357 889 2424 iu
903 2375 983 2440 agro
997 2356 1101 2434 culto,
1116 2355 1236 2440 atejus
1246 2375 1360 2422 causa

263 2457 364 2524 habet
378 2457 571 2535 aediticium,
584 2461 615 2526 si
630 2480 700 2545 qua
713 2459 881 2543 particula
895 2459 930 2526 iu
944 2477 987 2524 eo
1000 2457 1101 2526 hebet
1111 2459 1253 2543 sylvam.
1291 2457 1361 2522 Sa·

264 2561 418 2642 petescit,
440 2560 605 2642 significat
623 2563 799 2646 supererit.
841 2561 989 2628 Ennius:
1013 2561 1103 2628 Dum
1118 2562 1252 2646 quidem
1269 2579 1365 2626 unus

263 2659 365 2726 homo
381 2660 584 2728 Romanus4
597 2669 674 2746 toga
689 2665 897 2748 superescit:
919 2671 953 2729 et
965 2664 1077 2731 Δοοπς
1092 2665 1126 2728 in
1140 2663 1340 2748 Chrysippo
1355 2681 1368 2728 e

267 2760 357 2839 Quin
372 2761 473 2827 hinc⁶
499 2765 694 2847 superescit,
715 2765 874 2848 Spartam
894 2773 963 2849 atq.
985 2766 1080 2850 [113]
1102 2765 1266 2848 Amyclas
1293 2776 1368 2830 tra·

265 2863 327 2930 do:
349 2865 408 2929 sed
434 2884 496 2948 per
510 2885 548 2930 se
560 2885 660 2949 super
672 2867 841 2949 significat
854 2867 993 2951 quidem
1006 2887 1117 2952 supra,
1131 2875 1258 2930 etcum
1277 2867 1372 2932 dici·

265 2984 353 3046 mus,
379 2985 480 3050 super
506 2967 601 3032 illum
630 2967 761 3032 cedit:⁷
794 2987 907 3034 verum
936 2969 1072 3054 ponitur
1096 2969 1195 3034 efiam
1217 2987 1284 3051 pru
1308 2969 1373 3048 de,

265 3067 388 3132 Graeca
402 3065 659 3146 cousuetudine,
671 3074 706 3133 ut
719 3069 768 3134 illi
784 3069 911 3144 dicunt
924 3067 1005 3155 ὑπέρ.
1042 3071 1184 3135 Plautus
1197 3070 1231 3134 in
1248 3069 1377 3136 Milite

265 3169 431 3250 glorioso:
456 3167 666 3253 Mesopota
689 3189 793 3254 super
818 3171 883 3238 hac
908 3173 1032 3250 vicina,
1059 3191 1160 3256 quam
1182 3190 1245 3253 ego
1271 3192 1378 3238 nunc

267 3271 413 3336 concilio
428 3271 501 3336 tibi.
534 3269 575 3338 In
589 3270 792 3339 Phasmate:
815 3273 887 3338 Ehe
951 3319 961 3338 .
1049 3320 1059 3339 .
1146 3319 1156 3337 .
1223 3275 1380 3342 mnam

721 3467 825 3488 mm!
828 3469 901 3489 ΜΝ

299 3599 332 3645 2⁰
348 3593 369 3646 s.
385 3599 550 3660 quosdam—l
569 3597 589 3649 i.
599 3606 754 3652 ecum-2
770 3601 946 3666 teupisse-t
962 3600 983 3651 f.
997 3603 1227 3666 perusiam—t
1241 3601 1267 3652 f.
1278 3605 1391 3657 eeu.

265 3667 315 3710 ¹-5
333 3657 352 3710 f.
363 3660 508 3712 secem-c
524 3660 544 3711 t'.
560 3662 641 3714 ri.-⁷
659 3663 679 3716 f.
695 3667 766 3717 redu.

760 3861 866 3913 ΝΟΜ

329 3985 512 4049 Fietum1Vide
523 4001 584 4037 nuru
596 3991 687 4040 melius
699 3992 731 4040 sit
742 3993 792 4042 die·
829 3992 1008 4052 promatur,
1021 4005 1068 4051 pro
1077 3991 1254 4052 prmueetur:
1274 4007 1346 4042 mam
1359 3996 1406 4046 in

266 4069 428 4126 ten‚proeo
448 4061 516 4126 quoi
535 4070 576 4114 ert
593 4065 619 4114 in
638 4068 792 4131 exemplari,
831 4069 945 4130 epitoma
961 4067 1137 4131 manuscripta
1161 4075 1203 4116 ast
1223 4072 1406 4130 perudu-

258 4139 353 4200 fictam.
832 4149 921 4204 tur,ot
935 4143 970 4191 ibi
985 4155 1087 4206 quoque
1096 4143 1286 4204 perimuntur
1302 4144 1410 4197 fuine

299 4208 492 4272 ornaretur]
502 4211 672 4261 scribendum
683 4213 793 4266 fortuma
832 4219 957 4282 scriptum
969 4224 1104 4282 appareat.
