2930 4870
150 399 198 445 nn
224 397 432 446 vennonnrr
457 397 764 447 sionrrrorrronr
790 398 860 445 uin.
885 399 970 446 xrx.
988 399 1058 446 xx.
1105 385 1189 448 1017

105 539 283 604 Voloues¹
304 539 387 604 dicti
411 549 490 603 suut
512 539 634 603 milites
649 540 707 620 qni
723 546 803 622 post
817 537 1024 603 Cannensem
1039 540 1191 604 eladem⁴

148 659 253 722 usque
277 639 320 704 ad
342 645 418 704 ocio
441 640 556 716 millia,
571 659 648 704 oum
661 647 772 704 essent
786 640 881 715 servi,
896 639 1080 704 voluntarie
1095 659 1131 703 se
1148 641 1191 703 ad

147 741 302 805 militiam
318 740 519 804 obtulerunt.

108 833 341 904 Volturnaiiay
368 840 534 904 Volturno
550 840 626 903 Deo
641 859 704 904 sua
720 858 818 904 saera
832 839 1024 915 faciebant,⁵
1056 839 1191 913 [Puni.

149 941 242 1024 eujus
256 940 461 1005 sacerdotem
472 939 701 1006 Volturualem
718 943 893 1005 vocabant.

108 1040 241 1124 Vopte¹
264 1062 325 1125 pro
340 1043 483 1124 vosipsi
498 1041 584 1106 Cato
600 1045 723 1126 posuit.

109 1141 283 1207 Urbanas·
305 1145 409 1208 tribus
427 1143 652 1227 appellabant,
674 1141 710 1206 in
725 1142 816 1227 qua⁶
838 1144 918 1208 urbs
934 1148 1005 1206 erat
1018 1142 1192 1225 dispartita

149 1263 172 1306 a
195 1244 267 1308 Ser·
288 1243 401 1309 'lullio
415 1264 503 1327 rege,
519 1245 554 1309 id
575 1253 638 1322 est,
655 1244 857 1323 Suburraoa,
881 1243 1050 1321 Palatina,
1067 1243 1188 1325 Esqui-

148 1345 225 1428 lina,
242 1343 381 1411 Collina.

107 1443 243 1525 Ument
266 1447 393 1512 Ennius
407 1449 441 1512 in
455 1446 668 1513 Andromeda
682 1447 848 1530 siguificat
861 1446 1053 1519 circumdat,
1069 1443 1192 1522 [Fnsr.

150 1549 194 1612 ab
208 1567 249 1612 eo
264 1549 370 1628 sulco,
392 1551 450 1632 qui
466 1550 525 1613 iit⁷
547 1552 581 1612 in
604 1551 684 1613 urbe
700 1548 870 1613 condenda
883 1567 965 1612 urno
981 1547 1091 1622 aratri,
1114 1563 1192 1627 qnae

151 1649 195 1712 sit
217 1648 324 1713 forma
347 1650 513 1715 simillima
533 1649 669 1714 uncini⁸
693 1651 884 1715 curvatione
898 1650 999 1724 buris,
1015 1653 1050 1710 et
1074 1645 1191 1721 dentis,

150 1750 205 1812 cui
220 1749 398 1832 praeiigitnr
414 1770 544 1817 vomer:
567 1753 616 1816 ait
641 1759 773 1817 autem:
796 1752 921 1816 oircnm
945 1769 1019 1815 sese
1037 1753 1134 1812 uruat
1149 1746 1191 1810 ad

149 1850 443 1933 pedesterruocctt
532 1897 538 1912 .
626 1899 634 1915 .
723 1899 730 1914 .
817 1859 929 1934 caput.

138 2199 153 2244 i
172 2193 232 2245 Vet.
244 2196 287 2245 lib.
294 2199 447 2259 plagam—o
459 2198 569 2247 Videtur
577 2196 749 2258 rcribendnru,
761 2195 813 2260 (aio
821 2201 894 2244 notat
904 2193 1025 2256 Urrinun)
1038 2193 1193 2242 Volturnolilr.

110 2259 225 2310 Volturno
235 2263 278 2309 deo
288 2277 329 2310 ruo
338 2262 589 2321 mensuatim-6
605 2263 653 2312 Ed.
661 2261 728 2311 Soet.
740 2261 766 2310 in
777 2263 888 2323 quoa-t
899 2258 963 2309 Eud.
971 2259 1014 2308 ed.
1025 2259 1116 2308 tit—tl
1129 2257 1194 2308 Eud.

105 2323 149 2374 ed.
161 2325 242 2374 neeiai
252 2329 325 2374 u.-9
341 2325 403 2375 Vet.
414 2326 459 2375 lib.
469 2327 578 2375 uultu.

598 2502 705 2555 NOTAE

137 2643 150 2667 ¹
172 2631 409 2697 Voleaer1llaorob.
420 2632 466 2683 lib.
477 2645 496 2683 1.
507 2633 562 2681 Set.
573 2646 632 2697 cap.
672 2646 800 2682 vomerem
822 2629 1026 2695 comprehendit,
1047 2629 1103 2678 ideo
1131 2629 1196 2679 dixit

101 2715 128 2760 2.
145 2707 241 2757 ‘Bello
257 2707 356 2758 Punico
373 2721 431 2776 euru
450 2705 571 2758 decerent
587 2709 632 2772 qui
673 2707 789 2758 ‘ruitum
801 2708 826 2756 iu
836 2707 899 2757 urbe
912 2705 1047 2755 condenda
1062 2705 1117 2754 fieri
1133 2719 1196 2753 nruo

102 2783 293 2846 scriberentur,
308 2783 376 2832 uerri
391 2797 438 2846 pro
448 2782 557 2833 dominia
568 2797 632 2848 png·
673 2782 769 2832 aratri!
804 2781 844 2831 Ab
862 2795 944 2831 eruam
960 2788 1001 2830 eat
1017 2795 1112 2840 arem,
1129 2779 1197 2843 quod

103 2866 212 2909 neturoe
221 2873 249 2909 ee
261 2857 378 2923 polliciti,
395 2858 421 2907 in
440 2859 571 2908 civitatem
591 2873 630 2908 re·
673 2865 712 2908 ert
726 2859 752 2907 iu
764 2857 828 2906 urbe
839 2856 973 2906 condenda
983 2869 1046 2904 uruo
1058 2855 1136 2905 aratri
1148 2855 1197 2902 eir·

102 2937 179 2999 cepti
200 2942 269 2999 snut,
286 2942 313 2984 et
332 2935 446 2994 volonno,
463 2935 523 2999 quie
540 2942 632 2996 sponte
672 2932 809 2982 cumdere:
825 2946 883 2980 uem
900 2933 942 2995 qui
955 2931 1042 2980 urbem
1054 2937 1128 2979 erent
1139 2945 1199 2980 cou-

102 3002 314 3071 bouvoiuerurri,
332 3009 473 3072 appellati?
506 3008 573 3060 Vide
592 3010 633 3058 Li·
673 3007 749 3057 dituri
777 3013 864 3056 aratro
890 3007 973 3055 locum
1002 3005 1196 3054 circumscribe-

103 3087 175 3135 vium
187 3085 233 3135 lib.
243 3098 320 3134 xxiv.
337 3086 411 3134 idem.
674 3084 752 3148 lent:
771 3093 800 3132 ut
809 3091 897 3132 uotum
909 3088 958 3132 eat.
991 3081 1096 3129 Deinde
1113 3095 1199 3130 eruere

136 3169 147 3202 ¹
169 3158 330 3222 Veltmuliu]
341 3166 365 3210 d.
379 3160 509 3211 Kalendae
517 3159 633 3222 Septem·
674 3159 823 3224 riruplieiter
835 3172 881 3222 pro
890 3156 1041 3206 emanare.
1074 3153 1147 3204 Infra
1161 3157 1199 3204 iu·

102 3238 174 3286 brer.
194 3237 269 3285 idem.
674 3250 719 3285 ent
732 3235 807 3284 Ennii
818 3235 855 3283 itu
866 3235 891 3282 in
905 3233 1027 3283 Schedia:
1046 3231 1141 3280 circen
1150 3247 1199 3280 rere

136 3321 147 3346 ¹
168 3311 332 3374 VopteJVide
349 3309 478 3373 ‘inepta’
496 3311 570 3359 idem.
674 3316 746 3360 orant
765 3312 796 3360 od
818 3311 889 3372 peden
906 3325 921 3357 u
937 3314 1001 3358 terra
1015 3308 1197 3371 quadringentos

137 3395 149 3420 ¹
171 3387 291 3450 Urbanus]
309 3386 384 3434 Varr.
396 3386 441 3435 lib.
457 3399 495 3435 rv.
513 3385 570 3436 ‘Ab
587 3386 635 3435 iroe
672 3391 750 3448 caput.
791 3384 922 3445 Scriptum
941 3379 1025 3430 inerat
1049 3385 1130 3430 eterra
1150 3397 1201 3431 ecre

101 3475 210 3528 qnoque
228 3470 337 3525 quatuor
357 3470 444 3524 portet
464 3461 533 3511 urbii
554 3462 634 3512 tribua
673 3465 751 3523 eaput.
777 3460 820 3509 De
832 3467 901 3514 cetu,
918 3458 959 3507 eni
971 3457 1090 3521 exponite
1101 3458 1200 3507 Andru-

100 3539 186 3588 dietae
197 3554 203 3582 ι
221 3535 254 3585 ab
265 3536 329 3585 luein
339 3535 481 3600 Suburana,
492 3539 634 3602 Esquilina,
675 3536 759 3599 uredo,
768 3535 880 3600 loquitur
892 3533 998 3596 Ennius,
1007 3532 1200 3598 quodqurdriu·

100 3611 219 3675 Collina,
228 3611 366 3662 Palatina.'
386 3611 459 3662 Idem.
675 3613 758 3676 gentio
770 3610 878 3675 pedibus
888 3625 903 3660 a
915 3611 1004 3660 littore
1017 3619 1141 3660 remotum
1150 3612 1198 3660 cir-

136 3689 149 3723 i
176 3688 267 3751 Urunt]
296 3687 385 3737 Ureunr
408 3688 546 3739 vocabatur
565 3691 634 3753 quie·
675 3701 799 3738 cumaeae
814 3693 987 3750 oeputnruet.
1018 3685 1133 3738 Doctior.
1145 3687 1201 3734 Sal·

100 3763 168 3831 quid
179 3764 219 3813 ite
230 3761 323 3812 flexum
343 3769 399 3813 erat
416 3770 446 3814 ut
465 3764 563 3814 rediret
583 3781 636 3815 rur·
675 3764 768 3813 matina
787 3762 899 3826 legebat,
920 3762 1006 3810 &rum
1016 3775 1065 3809 rere
1076 3765 1155 3824 uruat,
1171 3762 1202 3809 od

99 3856 163 3893 euru
185 3855 285 3901 verene,
304 3851 331 3890 et
352 3841 411 3891 iude
432 3841 538 3891 Romani
556 3843 636 3892 aratri
673 3841 742 3902 pedet
755 3838 808 3896 sert
824 3839 1031 3898 mauonrcupat.
1062 3833 1137 3885 Quod
1149 3849 1199 3899 ego

99 3923 275 3968 curvaturam
294 3931 380 3966 mm
400 3917 499 3967 dixere·
544 3918 636 3968 Fertne
676 3911 971 3976 iteinterpretor,videt
986 3909 1202 3960 Andromeduce·

95 3991 284 4044 curvationem
292 3990 486 4042 buriaetdeutir
498 3992 538 4042 oui
550 4006 637 4042 vomer
678 3997 731 4039 turn
743 3990 838 4040 circum
850 3999 1018 4048 retentum,
1035 3993 1061 4036 nt
1075 3987 1131 4050 ipre
1147 4003 1202 4051 pree

96 4068 230 4132 praedant
242 4073 308 4126 eret,
319 4073 401 4116 toturn
413 4066 439 4115 id
450 4081 537 4117 eruum
550 4069 637 4131 appel·
678 4066 769 4114 timore
780 4070 860 4127 eaput
869 4062 901 4111 ed
912 4061 990 4125 pedet
999 4061 1112 4113 demittit
1122 4071 1149 4114 ut
1158 4079 1202 4116 oc-

94 4147 188 4212 iatnru
212 4140 285 4205 dicit,
301 4147 329 4191 et
346 4139 453 4204 ligurem
469 4143 589 4192 habuitne
605 4144 638 4191 ai·
679 4144 769 4200 cultet,
783 4143 832 4191 &e
848 4139 922 4189 rtem.

93 4220 240 4271 milliorum
253 4217 346 4268 uncini.
377 4217 437 4269 Quo
448 4219 550 4270 nomine
561 4218 638 4269 etiem
