2920 4848
284 384 377 460 5⁷8-
617 399 732 451 snxrr
758 397 915 449 rounam
940 397 1045 447 unsri

328 545 464 612 nautico
479 562 554 622 usu,
576 544 635 629 qui
656 549 754 609 contu
775 545 973 626 pertentant,
995 543 1267 624 cognoscantque
1280 541 1378 604 uari·

207 657 209 662 '
329 654 445 730 gantm
459 663 557 729 aqum
572 645 789 712 altitudinem.
833 641 888 706 Ob
904 660 1006 726 qnam
1024 659 1161 706 causam
1173 639 1377 706 aitVarriua

331 747 434 813 etiam
458 747 639 821 secundam
662 747 825 830 syllabam
846 763 906 828 per
920 743 951 808 Ο
967 745 1075 808 solaro
1096 745 1217 808 scribi:
1239 743 1321 807 mibi
1340 743 1376 806 id

309 849 451 914 talsnm
468 848 614 913 videtur:
635 865 714 912 nam
733 855 787 912 eat
807 846 866 910 illa
886 847 1124 929 percunctatio,
1139 844 1232 929 quod
1253 845 1296 920 ia,
1319 845 1378 927 qui

329 952 464 1015 curiose
486 949 568 1034 quid
590 951 783 1032 interrogat,
806 967 866 1032 per
886 953 1006 1013 cnucta
1026 948 1130 1026 uisit,4
1151 954 1188 1011 ut
1209 953 1297 1012 recte
1320 964 1381 1028 pcr

272 1134 274 1140 Ι
330 1051 365 1117 U
378 1053 508 1117 literam
520 1051 695 1116 scribatur.

202 1191 205 1204 ι
287 1154 503 1220 Percontatio
531 1151 664 1218 ridetur
687 1151 777 1215 dicta
804 1168 849 1214 ax
875 1169 938 1214 usu
963 1149 1109 1226 nautico,
1135 1150 1213 1233 quia
1241 1147 1380 1226 [Pano.

289 1277 291 1282 ’
329 1275 427 1340 aquae
457 1253 671 1318 altitudinem·
690 1261 791 1317 conto
817 1256 1022 1335 pertentant.
1063 1248 1133 1314 Alii
1162 1251 1277 1315 volunt
1301 1269 1383 1332 per·

331 1356 577 1421 cunctationem
592 1353 670 1429 dici,
686 1353 777 1437 qnod
792 1353 921 1418 scilicet
935 1353 977 1430 ia,
991 1352 1050 1435 qui
1064 1353 1214 1416 curiosus
1235 1357 1302 1432 eat,
1316 1369 1382 1434 per

332 1466 454 1524 cuncta
469 1458 654 1538 interrogat.

287 1561 547 1634 Bercuuctatnm
557 1555 798 1641 patrisfamiliae
808 1563 948 1620 nomenq
962 1573 1002 1618 ne
1014 1553 1093 1637 quia
1103 1571 1235 1619 aarum
1249 1551 1384 1636 [Fran.

329 1662 481 1736 mitteret,
503 1660 575 1741 lege
590 1666 741 1724 sanctum
755 1657 859 1721 fnisse
881 1658 927 1721 uit
949 1655 1034 1721 Cato
1057 1656 1093 1718 iu
1113 1675 1164 1733 ea,
1184 1673 1250 1738 qua
1269 1655 1382 1736 legem

331 1759 687 1825 Orcbiamdiasuadet.
1058 1761 1060 1768 “

288 1861 461 1926 Perditum
474 1859 537 1939 eat,
551 1860 644 1945 quod
666 1861 800 1934 interius
822 1878 864 1924 nc
879 1859 1065 1942 recuperari
1079 1877 1143 1922 uon
1157 1876 1217 1941 po·
1237 1854 1383 1938 [Peon.

332 1967 408 2026 teat.

286 2061 488 2139 Perediam:
502 2069 537 2126 et
551 2062 712 2126 bibesiam
723 2061 867 2126 Plautus
894 2079 969 2124 oum
996 2059 1094 2136 dixit,
1117 2058 1253 2141 intelligi
1269 2057 1384 2122 voluit

329 2165 552 2247 cupiditatem
566 2164 700 2240 edendi,
715 2171 749 2228 at
763 2162 907 2227 bibendi.

287 2265 477 2341 Perediam,
492 2271 528 2328 at
544 2265 708 2329 bibesiam
728 2265 871 2329 Plautus
885 2263 981 2327 fiuxit
1004 2283 1067 2326 sua
1088 2281 1229 2327 consue·
1251 2259 1384 2337 [rrae.

329 2365 455 2530 ppdipag
470 2384 547 2432 curn
572 2365 713 2448 intelligi
731 2365 837 2430 voluit
864 2364 1081 2448 cupiditatem
1108 2363 1241 2443 edendi,
1269 2371 1305 2428 et
1325 2363 1384 2427 bi-

373 2486 393 2529 u
415 2486 438 2529 r.

169 2575 177 2590 '
286 2564 675 2650 Peregera⁷·dicebatur
685 2565 952 2650 expergefacere.

745 2745 926 2766 ΙΜΜΝΟΙΟΟ

317 2859 335 2904 d
352 2853 476 2918 ‘Proper
486 2860 570 2906 cancta
580 2856 640 2904 cinit
650 2861 717 2906 vett.
728 2856 792 2908 libb.
806 2855 957 2920 percunctari
972 2857 1021 2906 eit:
1039 2857 1106 2907 uude
1127 2858 1225 2921 optime
1242 2858 1289 2907 riri
1306 2857 1388 2907 docti

283 2933 328 2982 prr
339 2923 482 2968 cunctarer
493 2918 530 2970 it!
545 2921 659 2969 Dru-t
676 2921 737 2970 Vet.
753 2921 799 2972 lib.
816 2922 968 2970 interiit-tl
986 2921 1051 2971 llec
1068 2931 1129 2970 rnrrt
1148 2923 1227 2971 verba
1246 2923 1326 2982 Perti,
1345 2924 1388 2971 in-

286 2983 344 3044 quit
362 2983 429 3033 Soet.
448 2983 511 3033 licet
534 2983 560 3031 ln
581 2988 644 3033 vett.
674 2984 736 3035 libb.
756 2999 807 3034 non
825 2993 885 3034 nunt
904 2990 1066 3049 reperta-l
1085 2987 1159 3050 Legit
1179 2986 1247 3037 Scri.
1264 2986 1388 3050 Pergen-

287 3047 348 3097 Vet.
361 3047 407 3098 lib.
417 3047 494 3098 babet
506 3047 621 3110 Peregre.

779 3209 888 3260 NOTAE

318 3321 525 3370 namuurum
533 3321 710 3384 putrirsomtioe
720 3321 814 3384 morer]
853 3328 1012 3370 commentor
1039 3327 1088 3369 ert.
1132 3319 1236 3369 Curenl.
1263 3326 1316 3370 eet.
1336 3333 1389 3371 nr.

285 3394 370 3458 Hujur
387 3395 450 3459 legia
467 3396 562 3444 nullum
579 3397 640 3446 alibi
658 3398 812 3460 vertigium:
853 3395 999 3445 tltlrodiarn
1016 3403 1094 3460 atque
1111 3395 1227 3458 Lyciam,
1241 3393 1388 3446 Perediam

284 3469 425 3520 natandum
448 3479 533 3520 temen
565 3471 628 3521 illud
649 3473 813 3538 antiqnitatir
853 3478 880 3520 et
897 3470 1083 3530 Perbibesiam,
1102 3473 1151 3520 tro.
1183 3469 1290 3533 subegit
1308 3473 1389 3521 uolua

283 3553 486 3608 monumentum,
501 3547 661 3598 inbonartnm
672 3556 700 3598 et
710 3548 812 3599 indeco-
853 3547 922 3596 intra
934 3547 1023 3610 viginti
1035 3544 1108 3595 dier.'
1126 3545 1190 3594 Duc.

283 3635 342 3672 rum
357 3621 435 3672 tulere
448 3622 516 3687 epud
534 3623 631 3686 prircor
646 3624 705 3674 illo·
720 3625 811 3674 Roma-
884 3630 893 3654 ·
914 3621 1045 3683 Peregere]
1070 3622 1141 3684 Lego
1165 3622 1282 3683 Pergere:
1311 3625 1390 3672 uude

282 3711 331 3747 nor
357 3711 460 3747 nervum
487 3698 592 3747 mittere
615 3707 811 3761 percunctatum
852 3696 1030 3761 ‘pergircorr’
1042 3705 1069 3744 et
1081 3696 1248 3759 comperirem
1266 3699 1391 3760 ‘exper-

282 3770 471 3836 prtrlrfamillte
494 3785 594 3829 nomeu,
617 3787 693 3837 quem
715 3787 810 3823 morem
852 3771 955 3837 giacor!
970 3771 1096 3822 landem

283 3862 317 3908 ex
328 3848 438 3899 beroicir
448 3846 607 3910 temporibus
619 3860 734 3896 munnere
747 3847 811 3896 reri·
884 3845 1013 3911 Peregere]
1025 3845 1294 3910 begoPergrrernude
1303 3847 1313 3874 ‘
1323 3861 1391 3910 per.

284 3925 428 3974 rimileert.
446 3923 521 3974 Idem.
851 3922 953 3986 piscor:
972 3924 1008 3971 eit
1023 3923 1093 3971 Scal.
1128 3921 1179 3972 Sed
1197 3921 1259 3970 uibll
1278 3929 1390 3974 muten-

316 3997 476 4060 rPerediam]
494 3995 619 4048 Plautio
632 3997 734 4048 curcul.
751 3997 811 4047 Art.
851 3996 928 4046 dnm:
944 4011 1053 4060 peregere
1069 3996 1136 4045 enim
1154 3995 1285 4057 dicebant,
1296 4009 1313 4044 ι
1330 4012 1391 4061 quo

284 4069 352 4132 Aug.
851 4073 859 4102 ⁸
873 4077 997 4137 pergere,
1021 4074 1028 4100 ‘
1042 4070 1173 4136 perginci‚'
1195 4071 1394 4136 ‘expergitcb’

212 4162 216 4176 ·
318 4146 443 4204 Peredium
455 4153 478 4196 et
498 4145 620 4209 tiberiam]
636 4148 687 4198 Eas
704 4150 811 4202 reunrte
850 4149 913 4199 Duc.

285 4220 414 4284 perunitus
427 4222 499 4286 quari
510 4223 698 4286 provinciarum
711 4222 813 4273 numina
